2277 3360
708 117 1504 112 aux dépens envers le Trésor Public, pour le papier timbré de la

691 187 1524 121 présente minute, conformément à la loi du sept août mil huit

694 274 1521 104 cent cinquante, ence, non compris le coût du présent jugemen

691 336 1527 120 la signification d'icelui et ses suites. Ainsi jugé les jour mo

680 428 462 98 et an que dessus.

943 999 1095 93 Dudit jour dix sept Janvier

660 1089 1535 84 Entre Mademoiselle Marie Renard, fille majeure, ouvrière

677 1173 1499 67 demeurant à Paris, rue Pigalle, numéro soixante un ;

649 1234 1563 87 Demanderesse ; Comparant ; D'une part ; Et Monsieur et madam

655 1304 1551 90 Henriett, le sieur Henriett tant en son nom personnel

663 1377 1546 90 que pour assister et autoriser la dame son épouse Maitresse

660 1456 1555 95 Modiste, demeurant ensemble, les dits époux, à Paris, rue

646 1531 1580 95 Royales numéro quinze ; Défendeurs ; Défaillant ; D'autre

641 1601 1577 95 part ; Point de fait = Par lettres du secrétaire du conseil de

624 1668 1594 98 Prud'hommes du Département de la seine pour l'industrie

666 1747 1493 92 des tissus en dates des Vendredi onze et Lundi quatorze

652 1814 1560 106 janvier mil huit cent soixante dix huit la demoiselle Renard

646 1884 1566 120 fit citer les époux henriett à comparaître par devant le dit

652 1960 1568 106 Conseil de Prud'hommes séant en Bureaux Particuliers les Lundi

646 2041 1558 126 quatorze et Mardi quinze Janvier mil huit cent soixante dix

641 2111 1560 120 huit pour se concilier si faire se pouvait sur la demande

638 2178 1560 132 qu'elle entendait former contre eux devant le dit Conseil en

652 2259 1563 132 paiement de la somme de vingt huit francs qu'ils lui doivent

649 2329 1574 135 pour provision sur affaires par elle faites ; Les époux henriett

627 2408 1593 128 n'ayant pas comparu la cause fut renvoyée devant le Bureau

621 2475 1602 137 Général du conseil séant le Jeudi dix sept Janvier mil huit cen

630 2548 1582 120 soixante dix huit. Cité pour le dit jour dix sept Janvier par

635 2623 1580 121 lettre du secrétaire du Conseil en date du quinze Janvier mil huit

641 2685 1551 137 cent soixante dix huit à la requête de la demoiselle Renard les

638 2780 1526 126 époux henriett ne comparurent pas ni personne pour eux

638 2830 1566 152 régulièrement. A l'appel de la cause la demoiselle Renard se

610 2912 1602 145 présenta et conclut à ce qu'il plut au Bureau Général du conse

618 2976 1594 146 donner défaut contre les époux henriett non comparant ni

627 3063 1588 131 personne pour eux quoique dument appelés et pour le profi

618 3130 1594 151 les condamner solidairement à lui payer avec intérêts
