1904 2905
813 150 555 82 Dudit jour dix Janvier

440 171 1342 126 Entre Monsieur et Madame Lebœuf, le sieur Lebœuf

443 280 1354 78 tant en son nom personnel que pour assister et autoriser la dame

440 341 1345 75 son épouse ouvrière couturière, demeurant ensemble, les dits

467 399 1277 77 époux, à Paris, rue de Vaures, numéro cent trente trois ;

484 467 1313 80 Demandeur ; Comparant ; D'une part ; Et Monsieur et Madame

43 503 112 85 huit

431 530 1351 80 Martin, le sieur Martin tant en son nom personnel que

48 578 388 73 renvoi et trois mots

457 597 1335 71 pour assister et autoriser la dame son épouse entrepreneuse

55 646 373 92 rayés nuls approuvé

450 660 1344 78 de travaux de confection, demeurant et domiciliés, ensemble les dits

431 733 1344 65 époux, à Paris, rue Triand, numéro quarante un ; Défendeurs ;

440 789 1345 65 Défaillant ; D'autre part ; Point de fait = Par lettres du

450 844 1342 71 secrétaire du conseil de Prud'hommes du Département de la seine

26 883 380 179 Lecucq se

462 910 1306 60 pour l'industrie des tissus en dates des mercredi vingt six et

462 970 1316 70 Vendredi vingt huit Décembre mil huit cent soixante dix sept

452 1031 1313 72 les époux Lebœuf firent citer les époux Martin à comparaitre

457 1096 1342 66 par devant le dit conseil de Prud'hommes séant en Bureau Particuliers

457 1149 1342 68 les vendredi vingt huit et Lundi trente un Décembre mil huit cent

457 1210 1342 82 soixante dix sept pour se concilier si faire se pouvait sur la

462 1273 1299 75 demande qu'ils entendaient former contre eux devant le dit

460 1331 1339 85 Conseil en paiement de la somme de six francs cinquante centimes

452 1384 1306 95 qu'ils leur doivent pour prix de travaux de la dame Martin.

450 1447 1337 92 Les époux Martin n'ayant pas comparu la cause fut renvoyée devant

455 1505 1337 102 le Bureau Général du conseil séant le Jeudi trois et ajournée au

474 1566 1320 101 Jeudi dix Janvier mil huit cent soixante dix sept. Cités pour le

457 1634 1337 92 dit jour dix Janvier par lettre du secrétaire du conseil en date du

462 1687 1308 106 Cinq Janvier mil huit cent soixante dix huit à la requete des époux

416 1747 1378 107 Lebœuf les époux Martin ne comparurent pas. A l'appel de

452 1810 1342 112 Cause les époux Lebœuf se présentèrent et conclurent à ce qu'il plut au

448 1866 1359 121 Bureau Général du conseil donner défaut contre les époux Martin non

467 1929 1337 126 comparant ni personne pour eux quoique dument appelés et pour le

467 1994 1332 121 profit adjuger aux les condamner à leur payer avec intérêts suivant la loi

479 2062 1320 107 la somme de sept francs cinquante centimes qu'ils leur doivent pour prix

482 2115 1329 119 de travaux de la dame Lebœuf, plus, telle indemnité qu'il plaira au

469 2171 1345 123 Conseil fixer pour perte de temps devant les Bureaux du conseil et les dépens.

455 2232 1330 123 Point de droit = Doit-on donner défaut contre les époux Martin

448 2294 1342 129 non comparant ni personne pour eux quoique dument appelés et

479 2357 1291 131 pour le profit adjuger demandeurs les conclusions par eux

457 2415 1347 131 précèdemment prises ? Que doit-il être statué à l'égard des dépens ?

465 2469 1342 140 Apres avoir entendu les époux Lebœuf en leurs demandes et conclusions

465 2532 1327 135 et en avoir délibéré conformément à la loi ; Attendu que la demande

477 2590 1291 143 des époux Lebœuf parait juste et fondée ; Que d'ailleurs elle n'est pas

486 2655 1330 155 contestée par les époux Martin non comparants ni personne pour
