1954 2916
420 106 1329 102 appelée et pour le profit adjuger aux demandeurs les conclusions

413 194 1314 70 par eux précédemment prises ? Que doit il être statué à

415 247 1334 83 l'égard des dépens ? Après avoir entendu les époux Longlois

420 313 1349 75 en leurs demandes et conclusions et en avoir délibéré conformément

425 376 1344 92 à la loi ; Attendu que la demande des époux Langlois parait

420 447 1344 77 juste et fondée ; Que d'ailleurs elle n'est pas contestée par la

418 515 1312 77 demoiselle Roblin non comparante ni personne pour elle

410 580 1339 66 quoique dument appelée ; Attendu qu'en ne comparaissant

415 639 1356 70 pas devant les Bureaux du conseil la demoiselle Roblin a causé

425 702 1329 78 aux époux Langlois en préjudice de perte de temps, ce qu'elle doit

422 763 1344 72 réparer ; Par ces motifs = Le Bureau Général jugeant en dernier

430 823 1322 66 ressort ; Vu l'article quarante un du décret du onze Juin mil

415 886 1364 68 huit cent neuf, portant règlement pour les conseils de Prud'hommes ;

425 945 1324 82 Donner défaut contre la demoiselle Roblin non comparante ni

435 1008 1319 83 personne pour elle quoique dument appelée ; Et adjugeant le

422 1061 1327 85 profit du dit défaut ; Condamne la demoiselle Roblin à

432 1127 1339 95 payer avec intérêts suivant la loi aux époux Longlois la somme

430 1188 1358 90 de onze francs qu'elle leur doit pour prix de travaux de la dame

425 1251 1351 90 Langlois, plus une indemnité de quatre francs pour temps perdu ;

403 1314 1373 88 La condamne en outre aux dépens taxés et liquidés envers les

437 1370 1322 95 demandeurs à la somme de un franc, et à celle dûe au Trésor

415 1431 1366 104 Public pour le papier timbré de la présente minute ; conformément

435 1489 1331 105 à la loi du sept août mil huit cent cinquante, ence non

427 1555 1349 99 compris le coût du présent jugement, la signification d'icelui et

420 1611 1334 104 ses suites. Et vu les articles 435 du code de procédure civile,

422 1676 1376 107 27 et 42 du décret du onze Juin 1809, pour signifier à la défenderesse

410 1735 1369 111 le présent jugement, commet Minaud, l'un de ses huissiers

447 1805 1285 107 audienciers. Ainsi jugé les jour mois et an que dessus.

755 2289 739 104 Dudit jour dix Janvier

464 2342 1344 126 Entre Mademoiselle Lelièvre, fille majeure, ouvrière,

461 2400 1310 124 demeurant à Paris, rue de charenton, numéro quatorze ;

439 2461 1315 129 Demanderesse ; Comparant ; D'une part ; et Monsieur

437 2519 1349 134 Bussert, tailleur d'habits demeurant à Paris, rue Saint

444 2585 1378 134 honoré, numéro cent quarante deux ; Défendeur ; Comparant ;

456 2648 1369 165 D'autre part ; Point de fait = Par lettre du secrétaire du conseil
