2053 2932
408 48 1466 127 par devant le dit Conseil de Prud'hommes séant en Bureau Général

422 112 1357 132 le Jeudi dix Janvier mil huit cent soixante dix huit pour

417 180 1457 127 s'entendre condamner à lui payer avec intérêts suivant le loi la

422 254 1430 112 somme de cent dix francs qu'ils lui doivent pour notaire

439 315 1416 127 plus, telle indemnité qu'il plaira au conseil fixer pour

437 386 1415 124 perte de temps devant les Bureaux du conseil et les dépens.

427 452 1440 119 A l'appel de la cause la demoiselle Bauchet se présen les époux

432 510 1427 127 Jay ne comparurent pas. De son coté la demoiselle Bouchet

442 576 1439 127 se présenta et conclut à ce qu'il plut au Bureau Général du

449 657 1435 112 Conseil donner défaut contre les époux Jay non comparant ni

459 718 1427 115 personne pour eux quoique dument appelés et pour le profit lu

457 776 1410 120 adjuger le bénifice des conclusions par elle prises dans la

444 838 1445 124 citation exploit de Minaud, huissier, enregistré . Point de droit =

435 913 1442 113 Doit-on donner défaut contre les époux Jay non comparants

449 974 1435 120 ni personne pour eux quoique dument appelés et pour le

483 1038 1403 115 profit adjuger à la demanderesse les conclusions par elle

454 1101 1427 123 précédemment prises ? Que doit il être statué à l'égard des dépens ?

461 1180 1423 92 Après avoir entendu la demoiselle Bauchet en ses demandes et

461 1231 1430 107 conclusions et en avoir délibéré conformément à la loi ; Attendu que

476 1302 1413 98 les demandes de la demoiselle Bauchet paraissent justes et fondées ;

464 1373 1410 100 Que d'ailleurs elles ne sont pas contestées par les époux Jay non

435 1431 1461 108 comparants ni personne pour eux quoique dument appelés ; Attendu

464 1500 1417 100 qu'on ne comparaissant pas devant les Bureaux du conseil les époux

474 1556 1432 107 Jay ont causé à la demoiselle Bauchet un préjudice de perte de

425 1619 1476 115 temps, ce qu'ils doivent réparer. Par ces motifs = Le Bureau

449 1690 1418 96 Général jugeant en dernier ressort ; Donne défaut contre les

430 1759 1471 90 époux Jay non comparants ni personne pour eux quoique dument

415 1812 1493 106 appelés ; Et adjugeant le profit du dit défaut ; Condamne les époux

442 1888 1466 88 Jay solidairement à payer à la demoiselle Bauchet la somme

435 1952 1451 90 de cent dix francs qu'ils lui doivent pour salaire, plus une

488 2023 1418 92 indemnité de six francs pour temps perdu ; Les condamne en

496 2086 1412 86 outre solidairement aux dépens taxés et liquidés envers la demandeuse

461 2155 1425 85 à la somme de trois francs cinq centimes, et à celle de deux francs

493 2213 1410 91 quinze centimes envers le Trésor Public, pour le papier timbré

491 2282 1390 75 et l'enregistrement de la citation , conformément à la loi du sept

481 2338 1432 83 Août mil huit cent cinquante, ence, non compris le coût du présent

474 2411 1425 68 jugement, la signification d'icelui et ses suites. Et vu les

461 2465 1469 88 articles 435 du code de procédure civile, 27 et 42 du décret du

488 2533 1386 71 onze Juin 1809, pour signifier aux defendeurs le présent jugement,

501 2587 1424 83 Commet Minaud, l'un de ses huissiers audienciers. Ainsi jugé

474 2663 716 71 les jour, mois et an que dessus.
