2301 3392
585 73 1602 181 de dix francs pour temps perdu ; Le condamne en outre aux

579 214 1614 116 dépens taxés et liquidés envers le demandeur à la somme de

565 285 1628 124 un franc, et à celle due au Trésor Public, pour le papier

565 370 1631 116 timbré de la présente minute, conformément à la loi du sept

573 455 1634 118 Août mil huit cent cinquante, ence, non compris le coût du présen

579 531 1628 121 jugement, la signification d'icelui et ses suites. Et vu les arti

548 619 1656 110 437 du code de procédure civile 27 et 42 du décret du onze Juin

537 695 1676 110 1809, pour signifier au défendeur le présent jugement, comm

571 774 1642 127 Minaud, l'un de ses huissiers audienciers. Ainsi jugé les

568 867 822 91 jour mois et an que dessus.

644 986 466 119 Lecucq secretaire

876 1455 1102 96 — Dudit jour dix sept Janvier —

604 1526 1490 116 Entre Monsieur Autin, (Joseph) ouvrier coiffeur,

624 1611 1481 90 demeurant à Paris, rue des Cannettes, numéro douze ;

621 1670 1598 105 Demandeur ; Comparant ; D'une part ; Et Monsieur Auguste

616 1744 1577 101 Ollivier, Maître coiffeur, demeurant et domicilié à Paris,

627 1814 1603 99 rue Aubert, numéro sept ; Défendeur ; Défaillant ; D'aut

627 1888 1592 93 part ; Point de fait = Par lettres du secrétaire du conseil

630 1953 1586 101 de Prud'hommes du Département de la seine pour l'industrie

641 2029 1566 99 des Tissus en dates des Lundi sept et Mardi huit Janvier

633 2100 1588 99 mil huit cent soixante dix huit Autin fit citer Auguste Ollivier

644 2176 1569 96 à comparaître par devant le dit conseil de Prud'homme séant

644 2244 1597 102 en Bureaux Particuliers les Mardi huit et vendredi onze Janvier

638 2315 1617 107 mil huit cent soixante dix huit pour se concilier si faire se pouvait

638 2388 1597 96 sur la demande qu'il entendait former contre lui devant le dit

644 2459 1569 107 Conseil en paiement de la somme de quarante francs pour

647 2524 1563 104 pareille somme qu'il lui a fait perdre en le congédiant au

655 2594 1583 99 moment des Etrennes. Auguste Ollivier n'ayant pas comparu

641 2657 1569 104 la cause fut renvoyée devant le Bureau Général du conseil séant

633 2727 1591 102 le Jeudi dix sept Janvier mil huit cent soixante dix huit ; Cité

624 2789 1600 105 pour le dit jour dix sept Janvier par lettre du secrétaire du

652 2849 1569 113 Conseil en date du quatorze Janvier mil huit cent soixante dix

638 2917 1592 118 huit à la requête d'Autin Auguste Ollivier ne comparut pas

641 2979 1578 113 A l'appel de la cause Autin se présenta et conclut à ce qu'il

647 3044 1577 116 plut au Bureau Général du conseil donner défaut contre

647 3117 1594 136 Auguste Ollivier non comparant ni personne pour lui quoique
