1916 2959
414 66 1356 109 la demoiselle Wuillaime à payer à la demoiselle

414 147 1368 99 Marlière la somme de trente francs pour lui tenir lieu

36 187 348 128 onze mots rayés nuls

414 216 1368 94 de la nourriture dont elle a été privée pendant quinze

438 281 1339 101 jours du premier au quinze Janvier présent mois à ce

426 350 1359 98 jour ; Dit et ordonner qu'à partir de demain premier

64 436 194 62 Lecucq

374 419 1423 98 fevrier la demoiselle Wuillaime sera tenue de recevoir chez

404 485 1401 99 elle la demoiselle Marlière sinon l'employer aux travaux

406 557 1426 93 de son état jusqu'au quinze fevrier en lui payant ce dit jour

409 616 1403 101 la somme de cent francs représentant les appointements d'un

401 690 1401 99 mois, sinon et faute par elle de ce faire la condamne

416 752 1408 98 dès à présent à payer à la dite demoiselle la somme de

414 818 1395 91 cent soixante francs dans les quels entreront les trente francs

411 880 1401 98 précités à titre de dommages-intérêts ; La condamner

419 954 1398 91 dans tous les cas aux dépens taxés et liquidés envers la

429 1015 1395 94 demanderesse à la somme de un franc trente cinq Centimes

421 1080 1416 96 et à celle dûe au Trésor Public, pour le papier timbré de la

448 1149 1391 93 présente minute, conformément à la loi du sept août mil

438 1213 1399 93 huit cent cinquante, ence, non compris le cout du présent jugement

441 1274 1396 116 la signification d'icelui et ses suites. Ainsi jugé les jour

429 1368 500 76 mois et an que dessus.

436 1481 538 94 Lecucq seccrétaire
