1869 2928
356 56 1405 109 dix huit pour, attendu que la dame Fraysse ayant consenti à ce

381 141 1375 88 que sa fille Elisa travaillat à la journée pour le compte de la

378 200 1385 92 demoiselle Bidaud et n'ayant pu obtenir le solde du salaire dû

388 265 1358 93 a obtenu du dit Conseil de Prud'hommes au jugement sus

381 331 1351 98 signifié ; Attendu que lors de l'exécution du dit jugement

43 407 281 90 deux mots rayés

373 409 1400 86 notamment de la tentative de saisie exécution, la demoiselle

43 488 108 97 nuls

373 483 1393 83 Bidaud a déclaré que le loyer était au nom de sa mère, ce

383 549 1380 90 qui a été confirmé par la concierge de la maison ; qu'en

393 614 1361 91 surplus elle ne possédait rien dans les lieux, son mobilier

412 690 1354 76 ayant été vendu judiciairement alors qu'elle demeurait rue

21 707 250 88 Lecucq

395 744 1368 85 Monge, numero trente six ; Attendu qu'il est certain que

400 810 1359 87 lorsque la dame Fraysse a consenti à laisser sa fille

393 883 1363 78 travailler pour le compte de la dite demoiselle Bidaud,

410 949 1349 80 les meubles et objets mobiliers composant l'ameublement

432 1015 1346 85 des lieux ou elle se rendait pour travailler, lui ont apparu

422 1090 1351 66 comme devant servir de garantie au paiement de son salaire ;

403 1146 1378 81 et qu'il n'est pas moins certain qu'elle n'aurait pas consenti

427 1205 1361 80 à donner les services de sa fille s'il en avait été autrement ;

395 1271 1383 78 Attendu que dans ces circonstances elle est en droit de s'adresser

408 1337 1382 78 à la personne qui se prétend propriétaire des garanties sur lesquels

408 1403 1380 82 elle devait compter pour obtenir le paiement du salaire dû ;

412 1466 1383 90 Par ces motifs = Entendre conclure à ce qu'il plaise au conseil

427 1532 1366 73 de Prud'hommes déclarer commun à la dame Bidaud la

422 1598 1373 78 somme de le jugement du dit conseil à la date du vingt deux

417 1659 1378 80 Novembre dernier, enregistré et sus signifié. En conséquence

417 1715 1395 85 Condamner la dame Bidaud mère solidairement aider la demoiselle

405 1786 1371 87 Bidaud, sa fille, à lui payer la somme de dix francs, montant des

417 1849 1390 95 condamnations prononcées en principal par le jugement susdaté

420 1915 1375 85 avec intérêts de droit en outre ou tous les dépens de l'instance

420 1988 1370 81 dans lesquels seront compris ceux nécessités par le prise du premier

429 2044 1356 98 jugement, plus à payer telle indemnité qu'il plaira au

437 2108 1370 95 Conseil fixer pour perte de temps, sans préjudice d'autres droits

439 2176 1371 93 et actions ; Dire que le jugement à intervenir sur la présente

439 2242 1376 83 demande sera éxécutoire par provision, nonobstant appel

437 2303 1383 85 et tant qu'il soit besoin par elle de fournir caution, conformément

434 2364 1383 90 à l'article quatorze de la loi du premier Juin mil huit cent

451 2430 1376 80 cinquante trois. A l'appel de la cause la dame Bidaud mère

447 2486 1365 80 ne comparut pas. De son coté la dame Fraysse se

439 2549 1383 76 présenta et conclut à ce qu'il plut au Bureau Général du

451 2610 1386 81 Conseil donner défaut contre la dame Bidaud mère non

447 2671 1380 86 comparante ni personne pour elle quoique duement appelée

459 2742 1348 93 et pour le profit lui adjuger le bénifice des conclusions par
