2231 3360
1028 137 793 98 Dudit jour Vingt quatre Janvier

619 193 1474 117 Entre Monsieur et Madame Dandeler, le sieur

577 274 1544 115 Dandeler tant en son nom personnel que pour assister et

613 358 1500 98 autoriser la dame son épouse ouvrière Modiste, demeurant

602 434 1539 103 ensemble, les dits époux, à Paris, rue Oberkampf, numéro

596 504 1531 106 quatre vingt quatre ; Demandeurs ; Comparant ; D'une part ;

585 576 1553 110 Et Monsieur Dutenoffer, fabricant de modes, demeurant

602 660 1522 90 et domicilié à Paris, rue des Francs Bourgeois, numéro

616 722 1511 104 quarante un ; Défendeur ; Défaillant ; D'autre part ;

582 795 1539 89 Point de fait = Par lettres du secrétaire du Conseil de

560 865 1584 98 Prud'hommes du Département de la Seine pour l'industrie

591 940 1561 96 des Tissus en dates des Mercredi seize et Vendredi dix huit

591 1016 1550 84 Janvier mil huit cent soixante dix huit les époux Dandeler

605 1083 1533 98 firent citer Dutenoffer à comparaître par devant ledit conseil

605 1167 1536 81 de Prud'hommes séant en Bureaux Particuliers les Vendredi

616 1232 1525 84 dix huit et Lundi vingt un Janvier mil huit cent soixante dix

599 1307 1525 81 huit pour se concilier si faire se pouvait sur la demande

591 1377 1541 84 qu'ils entendaient former contre lui devant ledit Conseil en

596 1458 1548 73 paiement de la somme de Vingt francs cinq centimes

563 1526 1572 78 qu'il leur doit pour prix de travaux de la dame Dandeler.

568 1601 1564 81 Dutenoffer n'ayant pas comparu la cause fut renvoyée

599 1677 1547 78 devant le Bureau Général du conseil séant le Jeudi Vingt

577 1750 1578 72 Quatre Janvier mil huit cent soixante dix huit. Cité pour le

571 1820 1584 72 dit jour vingt quatre Janvier par lettre du secrétaire du conseil

560 1890 1598 81 en date du vingt un Janvier mil huit cent soixante dix huit à la

560 1968 1589 84 requête des époux Dandeler Dutenoffer ne comparut pas.

563 2038 1547 84 A l'appel de la cause les époux Dandelner se présentèrent et

582 2119 1573 67 conclurent à ce qu'il plut au Bureau Général du conseil donner

568 2184 1592 95 défaut contre Dutenoffer non comparant ni personne pour

571 2268 1570 70 lui quoique dument appelé et pour le profit le condamner à

557 2329 1606 98 leur payer avec intérêts suivant la loi la somme de Vingt francs

568 2405 1598 87 Vingt cinq centimes qu'il leur doit pour prix de travaux de la

585 2478 1561 95 dame Dandeler, plus, telle indemnité qu'il plaira au

585 2556 1578 92 Conseil fixer pour perte de temps devant les Bureaux du

571 2634 1592 79 Conseil et les dépens. point de droit = Doit-on donner

566 2696 1589 101 défaut contre Dutenoffer non comparant ni personne

563 2774 1553 96 pour lui quoique dument appelé et pour le profit

546 2853 1623 81 adjuger aux demandeurs les conclusions par eux précèdemment

571 2903 1584 109 prises ? Que doit-il être statué à l'égard des dépens ?

554 2984 1609 90 Après avoir entendu les époux Dandeler en leurs demandes et

557 3049 1615 98 conclusions et en avoir délibéré conformément à la loi ; attendu

566 3124 1611 129 que la demande des époux Dandeler parait juste et fondée ;
