2189 3344
580 122 1533 128 lui cause un grave préjudice ; Par ces motifs = Dire et ordonner

577 222 1522 104 dans le jugement à intervenir que Gerboz sera tenu de, dans les

568 298 1537 111 dix jours, faire rentrer chez lui sa fille cecile pour y reprendre

568 370 1523 112 et terminer son apprentissage par neuf mois qu'elle redoit,

170 395 379 156 deux mots rayés nuls

557 454 1542 122 sinon et faute par lui de ce faire que le dit apprentissage

554 546 1537 92 sera et demeurera résolu, en ce cas condamner Gerboz

546 610 1550 120 à lui payer avec intérêts suivant la loi la somme de deux cents

167 660 276 95 Lecucq

538 699 1553 100 francs à titre de dommages-intérêts et le condamner dans tous

532 766 1514 109 les cas aux dépens. De son coté Gerboz se présenta et

538 841 1542 106 conclut à ce qu'il plut au Bureau Général du conseil attendu

540 911 1545 108 que sa fille est restée chez Lhernault en qualité de petite ouvrière,

546 994 1534 98 la preuve c'est qu'elle a été salariée pour huit francs par quinzaine,

540 1061 1534 106 Qu'à aucune époque il n'a été appelé à contracter d'un apprentissage

554 1136 1517 95 de sa fille et ne peut être engagé l'ignorant ; Par ces motifs =

524 1214 1545 95 dire Lhernault non recevable en ses demandes, l'en débouter

521 1287 1539 103 comme mal fondé en icelles et le condamner aux dépens.

504 1359 1556 106 Point de droit = Doit-on dire que la mineure cecile Gerboz

518 1426 1542 106 rentrera chez Lhernault pour y travailler pendant neuf

499 1499 1567 106 mois comme apprentie, sinon que l'apprentissage de la dite

515 1580 1542 94 mineure sera et demeurera résolu, ence cas condamner

518 1649 1542 106 dès à présent Gerboz à payer à Lhernault la somme

532 1719 1500 103 de deux cents francs à titre de dommages-intérêts ?

515 1791 1517 98 Ou bien doit-on dire Lhernault non recevable en ses

521 1855 1514 104 demandes l'en débouter ? Que doit-il être statué à

510 1925 1525 106 l'égard des dépens ? Après avoir entendu les parties en leurs

524 2011 1489 81 demandes et conclusions respectivement et en avoir

521 2070 1483 103 délibéré conformément à la loi ; Attendu que Gerboz

479 2131 1548 131 n'a pas été appelé à transférer l'apprentissage de sa fille

499 2218 1508 103 à Lhernault ; Que Lhernault reconnait bien que Gerboz

496 2293 1525 95 qui pourtant avait tout qualité pour traîter de cet arrangement

501 2360 1520 100 n'est nullement intervenu ; Qu'en ce cas il y a lieu de considérer

487 2429 1531 118 que la jeune cécile Gerboz est restée chez Lhernault comme

443 2510 1578 106 petite ouvrière et non comme apprentie, et ce qui le prouverait

501 2572 1520 117 au besoin c'est qu'elle fut régulièrement payée par huit francs

471 2647 1545 103 par quinzaine ; Par ces motifs = Le Bureau Général jugeant

476 2705 1528 112 en premier ressort ; Dit Lhernault non recevable en ses

476 2786 1531 95 demandes, l'en déboute et le condamne aux dépens envers

474 2850 1508 92 le trésor Public, pour le papier timbré de la présenté minute,

460 2923 1511 81 conformément à la loi du sept août mil huit cent cinquante,

471 2981 1528 106 ence, non compris le coût du présent jugement, la signification

487 3037 1531 117 d'icelui et ses suites. Ainsi jugé les jour mois et an que dessus.

510 3129 471 70 Lecucq secrétaire
