2134 3392
551 166 1438 105 huit cent soixante dix sept pour obtenir un délai congé

563 240 1454 104 d'un mois, l'ayant obtenu est rentré chez lui pour

563 316 1466 93 faire ce mois ; mais attendu que dix sept jours après

568 381 1481 102 le dit Laigniez a quitté son travail et n'apri reposa ; Que

107 432 419 99 quatre mots rayés

568 457 1421 97 ce manquement à son travail lui a causé un préjudice

53 508 184 122 nuls

574 534 1435 102 dont il lui doit réparation ; Par ces motifs = condamner

554 613 1483 96 Laigniez à lui payer avec intérêts suivant la loi la somme

580 675 1406 96 de deux cents francs à titre de dommages intérêts et

574 749 1387 93 le condamner aux dépens. De son coté Laigniez

110 768 260 71 Lecucq

568 816 1483 105 se présenta et conclut à ce qu'il plut au Bureau Général

588 890 1452 99 du conseil attendu que la place qui se présenta et

571 961 1469 104 qu'il crut de son intérêt de prendre ne supportait pas

517 1020 1506 119 de retard ; Que c'est là l'unique motif qui le fit quitter

563 1096 1420 108 le demandeur avant le terme assigné à son départ ;

577 1173 1452 99 Par ces motifs = Dire haranger non recevable en sa

577 1249 1463 102 demande, l'en débouter et le condamner aux dépens.

551 1311 1503 110 Point de droit = Doit-on condamner Laigniez à payer

585 1382 1466 102 à haranger la somme de deux cents francs à titre de

563 1450 1480 107 dommages -intérêts pour abandon de travail ? Ou bien

585 1529 1447 96 doit on dire haranger non recevable en sa demande

560 1591 1449 110 l'en débouter ? Que doit il être statué à l'égard

580 1673 1426 96 des dépens ? Après avoir entendu les parties en leurs

585 1746 1415 91 demandes et conclusions respectivement et en avoir

568 1811 1421 99 délibéré conformément à la loi ; Attendu que

560 1882 1443 99 Laigniez qui avait demandé et obtenu à faire un

551 1956 1449 96 mois à titre de délai congé a, dix sept jours après,

557 2023 1486 102 quitté son emploi pour aller dans une autre maison

557 2100 1452 99 qui lui offrait des avantages qu'il a accepté sans

568 2170 1495 96 s'occuper du dommage qu'il causait sciemment à son

546 2230 1497 113 Patron ; Attendu que ce dommage qu'il doit réparer

566 2309 1457 104 est fixé par le conseil à la somme de Cent francs ; Par

560 2385 1486 110 ces motifs = Le Bureau Général jugeant en dernier ressort ;

520 2453 1472 105 Condamne Laigniez à payer avec intérêts suivant la loi à

529 2524 1500 110 haranger la somme de cent francs à titre de dommages

563 2594 1480 108 intérêts ; Déboute haranger du surplus de sa demande ;

543 2659 1494 116 Condamne Laigniez aux dépens taxés et liquidés envers le

574 2736 1449 110 demandeur à la somme de un franc, et à celle due au

577 2801 1440 116 Trésor Public, pour le papier timbré de la présente

571 2880 1480 107 minute, Conformément à la loi du sept août mil huit cent

568 2939 1478 130 cinquante, ence, non compris le coût du présent jugement, la

546 3010 1534 130 signification d'icelui et ses suites. Ainsi jugé les jours mois

543 3089 481 76 et an que dessus.
