1880 2897
553 36 911 116 — Du dit jour trente un Janvier.

369 115 1375 114 Entre Mademoiselle Marie Marlière fille majeure,

364 193 1346 103 demeurant à Paris, rue Sevigné, numéro vingt trois ;

352 253 1409 116 Demanderesse ; Comparant ; D'une part ; Et Mademoiselle

357 330 1402 104 Wuillaime, fabricante de modes, demeurant et domiciliée

367 393 1372 111 à Paris, rue du quatre septembre, numéro trente un ;

364 463 1395 109 Défenderesse ; Comparant par le sieur Jean François Favin,

381 535 1395 95 demeurant à Paris, rue de Richelieu, numéro quatre vingt douze,

381 601 1375 99 aux termes d'un pouvoir sans seing privé, en date, à Paris, du

381 663 1390 102 vingt quatre Janvier mil huit cent soixante dix huit, Enregistré

367 733 1409 92 à Paris, le vingt quatre Janvier mil huit cent soixante dix huit,

381 796 1387 97 au reçu de trois francs soixante quinze centimes par le

398 854 1382 104 receveur qui a signé illisiblement ; D'autre part ; Point de

386 929 1390 94 fait = Par lettres du secrétaire du conseil de Prud'hommes

398 992 1375 101 du Département de la seine pour l'industrie des Tissus

401 1059 1382 97 en dates des Mardi quinze et Vendredi dix huit Janvier mil huit

398 1117 1385 102 cent soixante dix huit la demoiselle Marlière fit citer la

410 1187 1383 94 demoiselle Wuillaime à comparaître par devant le dit conseil

422 1255 1373 94 de Prud'hommes séant en Bureaux Particuliers les Vendredi

393 1315 1397 99 dix huit et Lundi Janvier mil huit cent soixante dix huit

415 1378 1387 99 pour se concilier si faire se pouvait sur la demande qu'elle entendait

401 1448 1394 89 former contre elle devant le dit conseil en délai congé comme

408 1516 1389 91 d'usage au paiement de la somme de cent soixante francs pour

418 1578 1391 87 lui en tenir lieu. A l'appel de la cause la demois La demoiselle

408 1639 1377 94 Wuillaime n'ayant pas comparu la cause fut renvoyée devant

427 1697 1363 96 le Bureau Général du conseil séant le Jeudi vingt quatre et

422 1767 1380 101 ajournée au Jeudi trente un Janvier mil huit cent soixante dix

391 1825 1416 99 huit. Citer pour le dit trente un Janvier par lettre du secrétaire

427 1892 1380 94 du conseil en date du vingt six Janvier mil huit cent soixante

447 1955 1375 97 dix huit à la requête de la demoiselle Marlière la demoiselle

434 2023 1359 96 Wuillaime Comparut par Janin. A l'appel de la cause

430 2093 1367 91 la demoiselle Marlière se présenta et conclut à ce qu'il plut

437 2163 1380 89 au Bureau Général du conseil dire et ordonner que dans le

463 2225 1342 85 jour du jugement à intervenir la demoiselle Wuillaime

451 2278 1371 92 sera tenue de la recevoir chez elle pour y travailler de son état

454 2344 1370 94 jusqu'au fevrier prochain en lui payant ce dit jour cent francs

461 2402 1373 113 représentant le salaire d'un mois du quinze Janvier au quinze

471 2464 1353 92 fevrier ; La condamner dans tous les Cas à lui payer cette

466 2534 1368 92 de trente francs pour la nourriture qu'elle ne lui a pas donnée

488 2595 1343 82 du quinze Janvier à ce jour et la condamner dans tous les cas

466 2653 1365 91 aussi aux dépens. De son coté Janvier, ès noms qu'il agit,

485 2713 1356 111 se présenta et conclut à ce qu'il plut au Bureau Général
