2104 2932
581 39 1400 117 condamner Gémieux aux dépens . Point de droit = Doit

588 122 1315 110 on donner défaut contre Gémieux non comparant ni

606 188 1378 110 personne pour lui quoique dument appelé et pour le profit

596 256 1371 103 adjuger à Neau les conclusions par lui précédemment

613 322 1354 105 prises ? Que doit il être statué à l'égard des dépens ?

586 393 1398 110 Après avoir entendu Neau en ses demandes et conclusions

618 452 1368 122 en avoir délibéré conformément à la loi ; Attendu que Ne

610 522 1337 115 Gémieux ne comparant pas ni personne pour lui pour

613 591 1373 117 soutenir les motifs de son opposition ; Que cette non

615 657 1366 105 comparution doit être considérée comme un abandon de la

637 718 1291 120 dite opposition ; Attendu que les demandes de Neau

618 791 1363 108 paraissent justes et fondées ; Que d'ailleurs elles ne sont

613 847 1383 120 plus contestées par Gémieux non comparant ni personne

606 921 1392 110 pour lui quoique dument appelé ; Par ces motifs = Le Bure

620 982 1366 122 Général jugeant en premier ressort ; Donne défaut contre

608 1067 1393 86 Gémieux non comparant ni personne pour lui quoique

632 1116 1347 98 dument appelé ; Et adjugeant le profit du dit defaut

640 1189 1371 91 En la forme reçoit Gémieux en son opposition au jugement reçu

630 1248 1381 93 contre lui le quinze Novembre dernier, enregistré, l'en deboute

613 1314 1371 93 Ordonne l'exécution pure et simple du jugement auquel est

637 1375 1379 105 opposition ; Condamne Gémieux aux depens taxés et liquid

642 1444 1374 95 envers le trésor Public, à la somme de deux francs quinze

657 1502 1366 103 Centimes pour le papier timbré et l'enregistrement de l'opposi

664 1573 1356 93 Conformément à la loi du sept août mil huit cent cinquante,

650 1637 1368 97 ence non compris le coût du présent jugement, la signification

630 1712 1366 86 d'icelui et ses suites. Ainsi jugé les jour mois et an que

625 1786 181 95 dessus.

833 2140 796 98 Du dit jour trois Janvier

679 2228 1327 66 Entre le sieur Octave Vangondoever, se disant

684 2286 1366 74 ouvrier confectionneur, demeurant à Paris, rue de la Gran

681 2350 1366 73 Armée, numéro vingt trois ; Demandeur ; Comparant ; d'un

662 2411 1290 73 part ; Et Messieurs Profit, Letessier et Loche ,

642 2477 1371 66 fabricants et Marchands confectionneurs de vêtements, demeurants

674 2541 1349 66 et domiciliés à Paris, Boulevart Saint-Denis, numéro

645 2597 1407 76 six ; Défendeur ; Comparant par le sieur Loche, l'un d'eux

679 2663 1376 68 D'autre part ; Point de fait = Par lettre du secrétaire du conseil

667 2721 1390 86 de Prud'hommes du département de la Seine pour l'industrie de
