1998 2991
444 62 1381 124 jugement commet Minaud, l'un de ses huissiers audienciers.

426 154 1030 147 Ainsi jugé les jour mois et an que dessus.

845 682 731 93 Dudit jour dix Janvier

478 742 1432 115 Entre Monsieur et Madame Langlois, le sieur Langlois

453 820 1457 104 tant en son nom personnel que pour assister et autoriser la

473 894 1435 90 dame son épouse ouvrière couturière, demeurant ensemble, les

463 959 1455 95 dits époux, à Paris, passage du Saumon, numéro trente quatre

456 1016 1457 110 Demandeurs ; Comparant ; D'une part ; Et Mademoiselle Roblin,

463 1081 1407 110 le sieur Maîtresse couturière demeurant et domiciliée à Paris

463 1141 1452 107 rue saint honoré, numéro soixante quatre ; Défenderesse ; Défaillan

439 1211 1479 105 D'autre part ; Point de fait = Par lettres du secrétaire du conseil

473 1273 1445 110 de Prud'hommes du Département de la Seine pour l'industrie des

456 1343 1462 105 tissus en dates des Jeudi trois et vendredi quatre janvier mil huit

478 1403 1437 109 cent soixante dix huit les époux Langlois firent citer la demoiselle

463 1473 1457 102 Roblin à comparaître par devant le dit conseil de Prud'hommes

481 1542 1432 103 séant en Bureaux Particuliers les Vendredi quatre et Lundi sept

478 1605 1437 102 Janvier mil huit cent soixante dix huit pour se concilier si faire

476 1667 1434 107 se pouvait sur la demande qu'ils entendaient former contre elle

493 1737 1442 102 devant le dit conseil en paiement de la somme de on francs qu'elle

501 1804 1434 97 leur doit pour prix de travaux de la dame Langlois. La demoisel

481 1861 1452 113 Roblin n'ayant pas comparu la cause fut renvoyée devant le

503 1929 1435 97 Bureau Général du conseil séant le Jeudi dix Janvier mil huit cent

506 1998 1429 100 soixante dix huit. Citée pour le dit jour dix Janvier pour lettre du

503 2073 1427 90 secrétaire du conseil en date du huit Janvier mil huit cent

516 2126 1422 102 soixante dix huit à la requête des époux Langlois la demoiselle

503 2193 1430 100 Roblin ne comparut pas. A l'appel de la cause les époux

498 2273 1437 89 Langlois se présenterent et conclurent à ce qu'il plut au Bureau

508 2323 1435 104 Général du conseil donner défaut contre la demoiselle Roblin

498 2385 1445 100 non comparant ni personne pour elle quoique dument appelée et pour

516 2447 1429 105 le profit la condamner à leur payer avec intérêts suivant la loi la

521 2512 1427 102 somme de onze francs qu'elle leur doit pour prix de travaux de la

528 2582 1417 89 dame Langlois, plus, telle indemnité qu'il plaira au conseil

516 2639 1439 100 fixer pour perte de temps devant les Bureaux du conseil et les dépens

513 2704 1432 90 Point de droit = Doit-on donner défaut contre la demoiselle

526 2776 1414 102 Roblin non comparante ni personne pour elle quoique dument
