2208 3456
573 161 1485 147 receveur qui a signé illisiblement ; D'une part ; Et Madame

576 247 1447 121 Veuve Chapelle, demeurant à Paris avenue Parmentier,

573 316 1398 124 numéro cent neuf, agissant au nom et comme tutrice

564 380 1447 147 naturelle et légale de sa fille mineure Marie Chapelle,

576 457 1375 150 apprentie ; Défenderesse ; Comparant ; D'autre part ;

596 541 1392 130 Point de fait = Par lettre du secrétaire du Conseil de

567 604 1459 141 Prud'hommes du Département de la seine pour l'industrie des

596 694 1404 121 Tissus en date du Mercredi neuf Janvier mil huit cent

585 760 1421 124 soixante dix huit les époux Frémion firent citer la veuve

564 826 1447 144 Chapelle à comparaître par devant le dit Conseil de Prud'hommes

573 907 1436 129 séant en Bureau Particulier le vendredi onze Janvier mil huit

579 976 1421 127 cent soixante dix huit pour se concilier si faire se pouvait

570 1039 1401 141 sur la demande qu'ils entendaient former contre elle

585 1120 1380 129 devant le dit conseil en exécution de conventions

564 1195 1456 138 verbales d'apprentissage ou paiement de la somme de

582 1255 1447 141 trois cents de dommages-intérêts. A l'appel de la

590 1327 1361 141 cause la dame Frémion se présenta et exposa au

593 1396 1427 141 Conseil que la jeune Chapelle lui a été donnée comme

570 1465 1459 156 apprentie pour deux années ; que dix huit sont écoulés

593 1532 1361 155 après quoi la mère refusa de la lui renvoyer.

576 1609 1398 147 De son coté la veuve Chapelle se présenta et exposa

550 1664 1424 173 au Conseil qu'elle eut laissé sa fille finir le temps fixé

556 1748 1441 158 pour son apprentissage si la dame Frémion avait en du

576 1805 1427 167 travail à lui donner, mais l'apprentie perdit du temps

562 1880 1438 173 depuis le premier jour de son entrée et lui dut renvoyée

550 1952 1444 176 le premier novembre dernier pour la rappeler le trente

553 2027 1430 153 un Décembre expiré ; Que dans ces deux mois de repos

550 2096 1424 164 ne pouvant la garder chez elle elle la plaça ailleurs et

559 2151 1424 176 se refuse à la retirer _ Les parties n'ayant pas pu être conciliées

550 2234 1436 162 la cause fut renvoyée devant le Bureau Général du conseil

562 2289 1438 193 séant le Jeudi dix sept Janvier mil huit cent soixante dix huit.

521 2367 1436 190 Citée pour le dit jour dix sept Janvier par lettre du secrétaire du

541 2448 1401 167 Conseil en date du quatorze Janvier mil huit cent soixante

539 2499 1441 185 dix huit, à la requête des époux Frémion la veuve Chapelle

550 2563 1421 196 comparut. A l'appel de la cause la dame Fremion se

533 2646 1455 185 présenta et conclut à ce qu'il plut au Bureau Général du

539 2704 1372 193 Conseil dire et ordonner que dans le jour du jugement à

524 2767 1421 185 intervenir la veuve Chapelle sera teneur de faire rentrer

521 2833 1398 196 chez elle pour y reprendre et terminer son apprentissage,

527 2917 1424 190 sinon et faute par elle de cefaire que le dit apprentissage

521 2977 1392 185 sera et demeurera résolu ; En ce cas condamner dès à

510 3038 1435 227 présent la veuve Chapelle à leur payer avec intérêts suivant
