2136 3058
514 78 1476 120 et de surveiller leur coupe afin de s'assurer de la bonne exécution

525 147 1371 125 Par ces motifs = Dire Loche non recevable en sa

545 216 1407 115 demande en déclaration d'incompétence du conseil,

530 280 1468 120 retenir la cause pour être statué au fond et condamner

519 338 1476 143 Profit, Letessier et Loche aux dépens Point de droit = Doi

540 415 1402 132 on dire que Vangondoever employé comme chef du

550 471 1443 143 rayon de la confection chez Profit, Letessier et Loche

550 547 1461 130 est employé de commerce non justiciable du conseil de

560 614 1443 132 Prud'hommes, conséquemment se déclarer incompétent

558 675 1455 135 et renvoyer la cause devant qui de droit = Ou bien doit-on

565 739 1446 135 reconnaître que le demandeur s'occupait de la surveillance

573 800 1433 145 de la confection des vêtements et qu'étant de ce fait un

573 866 1445 140 employé de fabrique en même compris que de commerce

591 935 1425 142 le conseil est compétent consequemment retenir la cause

593 1001 1428 138 et ordonner que les parties s'expliquent au fond ? Que

593 1060 1430 145 doit-il être statué à l'égard des dépens ? Après avoir entendu

586 1128 1397 143 les parties en leurs demandes et conclusions sur le

601 1192 1427 138 déclinatoire invoqué par Loche, ès noms ; attendu

593 1256 1441 158 que des explications fournies par les parties report que

606 1325 1440 145 Vangondoever était employé chez Profit, Letessier e

591 1386 1455 155 Loche en qualité de chef d'un rayon de vente ; que

581 1467 1417 135 ses attributions étaient exclusivement commerciales ;

601 1523 1430 138 Par ces motifs = Le Bureau Général jugeant en

601 1579 1445 156 premier ressort ; Se declare incompétent pour connaître

624 1656 1427 132 de la demande de Vangondoever et le condamne aux

642 1720 1414 137 dépens envers le Trésor Public, pour le papier timbré de

621 1783 1435 146 la présente minute, conformément à la loi du sept août

639 1837 1420 150 mil huit cent cinquante, ence, non compris le coût du

616 1911 1456 155 présent jugement, la signification d'icelui et ses suites. Ainsi

642 2015 953 148 jugé les jour mois et an que dessus

1080 2586 739 89 Dudit jour trois Janvier

634 2604 1445 168 Entre Monsieur Westermann, fabricant de Bonneterie,

700 2691 1397 140 demeurant et domicilé à Paris, rue des déchargeurs numér

688 2757 1371 178 onze ; Demandeur ; comparant par le sieur Remy,
