2279 3344
599 111 1568 109 pendant treize mois à partir du quinze Novembre dernier et à

613 197 1582 109 des conditions déterminées l'a congédié après deux mois à peine

627 275 1562 90 écoulés sans autre motif sérieux que le manque d'affaires ;

175 323 413 103 deux lignes et vingt

622 348 1573 100 faits qui ne devait en influer sur le résultat promis et qu'il avait

175 409 371 103 trois mots rayés

605 418 1587 103 toute une année pour atteindre ; Attendu que cette inéxécution

167 515 145 164 nuls

616 504 1565 97 de la convention lui cause un préjudice dont Monnier lui

622 585 1559 94 doit réparation ; Par ces motifs = condamner Monnier à lui

641 652 1545 103 payer avec intérêts suivant la loi la somme de huit cent francs

630 730 1545 78 à titre de dommages-intérêts et le condamner aux dépens.

619 808 1570 83 De son coté Monnier se présenta et conclut à ce qu'il plut

655 880 1548 92 au Bureau Général du conseil attendu qu'il a congédié

624 961 1562 72 Yvon à cause de l'emploi de manœuvres ayant pour but de

619 1028 1573 81 tromper la surveillance qu'il était de son devoir d'exercer

608 1106 1595 86 sur lui ; Que s'il souffre de ce renvoi Yvon n'a à s'en prendre

608 1175 1598 81 qu'à lui même ; Par ces motifs = Dire Yvon non recevable

610 1254 1590 69 en sa demande, l'en débouter comme mal fondé en icelle et le

602 1323 1604 84 condamner aux dépens. Point de droit = Doit-on condamner

602 1393 1604 86 Monnier à payer à Yvon la somme de huit cents francs à titre

630 1468 1576 73 de dommages-intérêts pour inéxécution de convention verbale

633 1538 1579 83 de travail ? Ou bien doit on pour les motifs articulés par Monnier

619 1619 1593 69 dire Yvon non recevable en sa demande, l'en débouter ? Que doit

596 1680 1602 81 il être statué à l'égard des dépens ? Après avoir entendu les

619 1761 1595 67 parties en leurs demandes et conclusions respectivement et en avoir

627 1825 1582 72 délibéré conformément à la loi ; Attendu qu'il est constant qu'une

619 1897 1573 78 convention verbale de travail est intervenue entre les parties le

613 1972 1599 76 premier novembre dernier ; Qu'aux termes de cette convention Monnier

630 2045 1576 81 s'est engagé à employer Yvon chez lui aux appointements de

644 2115 1562 80 deux cents francs par mois et lui servir une provision de

619 2181 1584 90 cinq pour cent sur toutes les affaires traîtées pour lui ; Que de son

619 2259 1576 87 coté Yvon s'engageait à donner son temps et ses soins à la

616 2335 1587 81 maison Monnier garantissant un minimum d'affaires ; Qu'il en

652 2407 1548 75 acquis que dans les deux mois et demi écoulés du jour de l'entrée

622 2477 1570 83 à celui de la sortie, Yvon n'a fait que des affaires insignifiantes

619 2549 1590 73 ce qui ne pourrait être motif pour rompre la convention parcequ'à

610 2622 1596 69 cette époque de l'année les affaires sont généralement nulles dans

616 2680 1576 81 l'industrie des fleurs Miner aller des et que et  qu'il ne serait pas

638 2758 1560 67 juste de lui imputer à faute un fait indépendant de sa

633 2814 1576 89 volonté ; Mais attendu qu'il est constant que pour faire prendre

627 2889 1576 73 patience à Monnier qui se montrait de plus en plus impatient

630 2956 1579 84 Yvon au lieu de rester dans la position résultant de la situation

619 3026 1587 86 naturelle du moment a employé un stratagème en simulant, ce
