2096 3034
536 40 1420 96 à lui payer à titre d'indemnité et frais de transport de métier

530 121 1426 81 a le condamner aux dépens. De son coté Boissot se présen

530 192 1429 78 et conclut à ce qu'il plut au Bureau Général du conseil

523 255 1385 83 attendu que dans l'engagement qu'il prit n'entrant pas les

520 328 1434 84 sommes de vingt et 11 francs pour une note sinon qui lui est

543 399 1424 81 présentée pour de prétendues réparations aux métiers et

538 465 1439 93 pareille somme pour retour des dits métiers puisqu'il peut

553 530 1426 99 justifier pour reçu tiré de l'administration du chemin de

543 599 1421 96 fer que cette dépense a été par lui payée ; Que pour

543 662 1421 101 le surplus, c'est à dire pour cinquante deux francs il n'est eu

546 720 1438 114 jamais opposé à payer ; Par ces motifs = Dire Wisterman

551 804 1426 88 non recevable en sa demande, l'en deboute et le condamner

558 859 1426 104 aux dépens. point de droit = Doit-on donner Boissot

561 925 1423 101 à payer à Wisterman la somme de quatre vingt douze

589 993 1395 101 francs résultant d'un accord établi entr'eux devant un

578 1061 1406 96 membre du conseil le quinze Novembre dernier ? Ou

584 1130 1403 91 bien dit on dire que Boissot ne doit pas la note Friot

573 1200 1424 94 s'élevant à vingt francs ni la somme de vingt francs pour

586 1259 1418 111 trois part de métiers et qu'offrant de payer le surplus Westerman

581 1324 1423 104 n'en pas fondé dans sa demande, l'en débouter ? Que doit-il

586 1388 1429 108 être statué à l'égard des dépens ? Après avoir entendu les parti

576 1458 1428 104 en leurs demandes et conclusions respectivement ; Ouï pareillement

596 1534 1416 94 le membre du conseil chargé de l'examen de la cause en son

586 1582 1421 117 rapport verbal et en avoir délibéré conformément à la loi ;

604 1658 1408 96 Attendu que suivant convention verbale consentie par les parties

584 1714 1418 121 le quinze Novembre dernier Boissot a consenti à payer à

584 1785 1443 111 Westermam une somme de soixante douze francs pour

609 1845 1418 109 frais et indemnité, plus à faire parvenir à ses frais à des tissus tier

606 1911 1421 119 de Kiess, (somme) les métiers que Westermam lui avait confiés

568 1977 1467 134 pour le travail ; Que si Boissot justifie qu'il a payé pour le

614 2045 1413 116 transport de ces métiers jusqu'à Rosieres, la cotité qui dessert

601 2108 1436 121 Kiess, cela ne peut le dispenser de payer de Rosières a ce dit

611 2176 1421 132 Kiess ; mais attendu que le prix de Vingt francs pour ce trajet

616 2242 1431 124 fixait exagéré il y a lieu de le ramener à dix francs, attendu

601 2303 1449 129 que la dépense Friot est une dépense prévue par la convention

611 2369 1431 134 et fixée au chiffre de vingt francs qui ne peut être augmentée ou

614 2439 1423 117 amoindrie ; Que ces deux points règles il reste depuis que

611 2503 1399 106 Boissot doit à Westermann la somme de quatre vingt deux

611 2561 1444 113 francs ; Par ces motifs = Le Bureau Général jugeant en premier

639 2611 1416 147 ressort ; Condamne Boissot à payer avec intérêts suivant la loi

644 2680 1414 128 à Westermann la somme de quatre vingt deux francs pour

632 2740 1431 152 indemnité et frais de transport de métiers ; Le condamne en
