2266 3344
654 89 1517 150 civile, 27 et 42 du décret du onze Juin 1809, pour signifier

666 158 1519 170 aux défenseurs le présent jugement, commet Minaud, lun

671 239 1508 145 de ses huissiers audienciers . Ainsi jugé les jour mois et an

660 326 315 94 que dessus.

936 922 934 95 Dudit jour dix Janvier

646 983 1528 128 Entre Monsieur Scherpereel, ouvrier coupeur en chaussures

643 1064 1528 117 demeurant à Paris, rue du Couëdic, numéro huit ; Demandeur ;

599 1128 1572 134 Comparant ; D'une part ; Et Monsieur Jan, fabricant de

599 1220 1575 114 chaussures, demeurant et domicilié à Paris, rue de la cossonnerie

632 1284 1539 123 numéro onze ; Défendeur ; comparant ; D'autre part ; Point

635 1359 1541 106 de fait = Par lettres du secrétaire du conseil de Prud'hommes

641 1429 1535 117 du Département de la seine pour l'industrie des tissus en

649 1507 1522 109 dates des Jeudi trois et Vendredi quatre Janvier mil huit cen

641 1574 1533 120 Soixante dix huit Schepereel fit citer Jan à comparaître

646 1655 1502 103 par devant le dit conseil de Prud'hommes séant en Bureaux

638 1724 1513 112 Particuliers les Vendredi quatre et Lundi sept Janvier mil huit

610 1794 1561 112 cent soixante dix huit pour se concilier si faire se pouvait sur

610 1864 1566 120 la demande qu'il entendait former contre lui devant le dit conseil en

613 1942 1538 103 semaine de congé comme d'usage ou paiement de la somme de

627 2006 1533 120 trente six francs pour lui en tenir lieu. A l'appel de la cause le

607 2087 1561 111 sept janvier Jan n'ayant pas comparu le quatre Scherpereel

629 2159 1522 117 se présente et exposa comme cidessus. De son coté Jan se

624 2237 1547 106 présenta et exposa au Conseil qu'il employa le demandeur penda

615 2312 1536 112 un mois environ, après quoi ayant reconnu qu'il ne lui faisait

627 2385 1538 117 qu'une mauvaise coupe lui occasionnant des pertes de marchandises

624 2452 1538 111 et lui préparant des reproches de ses clients il le congédia sans

627 2524 1535 123 lui donner aucun délai parceque ce n'est pas l'usage de sa maison

604 2588 1550 126 Le Bureau Particulier engagea Jan à employer le demandeur

607 2666 1522 115 pendant une semaine ou lui payer trente six francs. Jan

618 2730 1530 134 n'ayant pas accepté cette proposition la cause fut renvoyée

635 2797 1533 129 devant le Bureau Général du conseil séant le Jeudi dix Janvier

627 2864 1547 134 mil huit cent soixante dix huit. Cité pour le dit jour dix Janvier

621 2939 1516 117 par lettre du secrétaire du conseil en date du sept Janvier

610 3009 1508 123 mil huit cent soixante dix huit à la requête de Scherpereel

590 3079 1572 142 Jan comparut. A l'appel de la cause Scherpereel se présenta
