1817 2928
412 122 1307 100 elle prise dans la citation exploit de minaud, huissier, enregistré.

390 200 1309 75 Point de droit _ Doit-on donner défaut contre la dame Bidaud

417 270 1312 74 mère non comparante ni personne pour elle quoique dument appelée

410 331 1321 78 et pour le profit adjuger à la demanderesse les conclusions par

434 390 1270 73 elle précèdemment prises ? Que doit-il être statué à l'égard

429 456 1304 68 des dépens ? Après avoir entendu la dame Fraysse en ses demandes

429 519 1314 69 et conclusions et en avoir délibéré conformément à la loi ; attendu

434 585 1277 71 que les demandes de la dame Fraysse paraissent justes et

437 646 1279 71 fondées ; Que d'ailleurs elle ne sont pas contestées par la

439 707 1253 76 dame Bidaud mère non comparante ni personne pour

444 768 1253 71 elle quoique dument appelée ; par ces motifs = Le Bureau

439 827 1263 80 Général jugeant en premier ressort ; Donne défaut contre

451 895 1260 71 la dame Bidaud mère non comparante ni personne pour

468 949 1241 83 elle quoique dument appelée ; Et adjugeant le profit du dit

451 1005 1231 93 défaut ; Dit commun à la dame Bidaud mère le

454 1071 1277 85 jugement rendu le vingt deux Novembre dernier, enregistré,

471 1129 1233 83 contre la demoiselle Bidaud, sa fille. En conséquence

461 1180 1275 105 dit que ce jugement sera exécutés dans sa forme et teneurs

451 1239 1292 103 contre la demoiselle et la dame Bidaud ; Condamne la

456 1300 1292 107 dame Bidaud mère aux dépens de la présente instance

456 1363 1270 105 taxés et liquidés envers la demanderesse à la somme de quatre

456 1422 1282 112 francs soixante centimes, et à celle dûe au trésor Public, pour

466 1485 1250 108 le papier timbré et l'enregistrement de la citation, lesquels sont

468 1542 1214 112 taxés et liquidés à la somme de deux francs quinze centimes,

461 1605 1299 110 conformément à la loi du sept août mil huit cent cinquante, en

449 1656 1280 134 ce, non compris le coût du présent jugement, la signification

478 1725 1263 109 d'icelui et ses suites. Ordonne l'éxécution provisoire

471 1778 1289 125 du présent jugement, nonobstant appel et sans qu'il soit besoin

468 1839 1317 132 par la demanderesse de fournir caution, conformément à la

468 1898 1278 134 loi du sept aou premier Juin mil huit cent cinquante trois.

468 1988 887 154 Ainsi jugé les jour mois et an que dessus.

478 2127 518 93 Lecucq secrétaire
