<?xml version="1.0" encoding="UTF-8"?>
<alto xmlns:xsi="http://www.w3.org/2001/XMLSchema-instance"
      xmlns="http://www.loc.gov/standards/alto/ns-v4#"
      xsi:schemaLocation="http://www.loc.gov/standards/alto/ns-v4# http://www.loc.gov/standards/alto/v4/alto-4-2.xsd">
  <Description>
    <MeasurementUnit>pixel</MeasurementUnit>
    <sourceImageInformation>
      <fileName>IMG_20190620_123909.jpg</fileName>
      
    </sourceImageInformation>
  </Description>
  
  <Tags>
    <OtherTag ID="BT4" LABEL="Illustration" DESCRIPTION="block type Illustration"/><OtherTag ID="BT3" LABEL="Commentary" DESCRIPTION="block type Commentary"/><OtherTag ID="BT2" LABEL="Main" DESCRIPTION="block type Main"/><OtherTag ID="BT1" LABEL="Title" DESCRIPTION="block type Title"/>
    
  </Tags>
  
  <Layout>
    <Page WIDTH="2457"
          HEIGHT="3712"
          PHYSICAL_IMG_NR="75"
          ID="eSc_dummypage_">
      <PrintSpace HPOS="0"
                  VPOS="0"
                  WIDTH="2457"
                  HEIGHT="3712">
        
        <TextBlock HPOS="284"
                   VPOS="160"
                   WIDTH="2061"
                   HEIGHT="1593"
                   ID="eSc_textblock_dd3c690b"
                   >
          <Shape><Polygon POINTS="1903 160 2308 173 2333 210 2345 1333 1804 1345 1466 1456 2159 1497 2209 1605 1442 1753 1209 1704 1024 1741 693 1704 742 1521 1271 1472 717 1444 656 1407 615 1221 532 1283 516 1234 405 1197 284 1209 433 433 544 429 594 259 1903 160"/></Shape>
          
        </TextBlock>
        
        <TextBlock HPOS="420"
                   VPOS="1868"
                   WIDTH="1937"
                   HEIGHT="1680"
                   ID="eSc_textblock_2d6d4508"
                   >
          <Shape><Polygon POINTS="693 1868 816 1917 1247 1868 2073 1880 2333 1979 2320 2954 2357 3016 2320 3056 2308 3523 1977 3548 1503 3486 569 3461 594 3204 519 3189 507 3118 618 3053 668 2251 628 2199 433 2211 420 2091 519 2050 594 1893 693 1868"/></Shape>
          
        </TextBlock>
        
        <TextBlock HPOS="2422"
                   VPOS="2895"
                   WIDTH="10"
                   HEIGHT="22"
                   ID="eSc_textblock_d403d28c"
                   >
          <Shape><Polygon POINTS="2422 2895 2432 2895 2432 2917 2422 2917 2422 2895"/></Shape>
          
        </TextBlock>
        

        
        <TextBlock ID="eSc_dummyblock_">
          
          
          <TextLine ID="r7l1"
                    
                    BASELINE="731 357 810 351 890 344 970 335 1050 325 1130 314 1210 302 1290 290 1370 278 1450 267 1530 256 1609 246 1689 238 1769 231 1849 226 1929 223 2009 223 2089 225 2169 231 2249 240 2329 252" 
                    HPOS="730"
                    VPOS="157"
                    WIDTH="1597"
                    HEIGHT="198">
            <Shape><Polygon POINTS="730 355 730 290 987 275 1027 238 1086 266 1141 250 1182 262 1240 253 1284 216 1336 213 1380 247 1407 247 1435 222 1494 225 1522 201 1615 194 1658 210 1680 191 1714 188 1735 210 1760 197 1794 207 1887 176 1924 197 1946 179 1980 176 2005 191 2042 167 2101 194 2125 179 2138 188 2166 157 2184 157 2224 191 2314 185 2327 250 2268 256 2221 238 2119 238 2057 222 1952 232 1909 266 1856 235 1674 250 1664 262 1606 253 1528 275 1488 266 1476 278 1438 275 1395 303 1349 287 1336 303 1302 293 1243 312 1228 303 1185 318 1110 315 1045 337 1030 327 736 355"/></Shape>
	    <String CONTENT="entendu les époux André en leurs demandes et conclusions et"
                    HPOS="730"
                    VPOS="157"
                    WIDTH="1597"
                    HEIGHT="198"></String>
          </TextLine>

          
          
          <TextLine ID="r7l2"
                    
                    BASELINE="753 425 832 421 912 415 991 408 1071 398 1151 388 1230 377 1310 365 1389 354 1469 342 1549 331 1628 322 1708 314 1787 307 1867 303 1947 301 2026 302 2106 305 2185 313 2265 324 2345 339" 
                    HPOS="751"
                    VPOS="244"
                    WIDTH="1591"
                    HEIGHT="179">
            <Shape><Polygon POINTS="751 423 758 371 946 361 971 340 990 346 1027 327 1052 340 1120 321 1135 334 1213 306 1237 330 1290 343 1370 290 1407 321 1445 306 1472 321 1507 303 1547 312 1609 284 1649 300 1717 262 1831 259 1875 290 1918 253 2057 244 2082 244 2159 287 2178 272 2246 290 2302 275 2333 287 2342 337 2277 340 2240 321 2166 324 2150 309 2082 303 1782 318 1754 330 1717 321 1683 337 1633 330 1618 343 1606 330 1559 330 1531 352 1500 343 1488 358 1457 349 1355 374 1333 368 1308 395 1265 380 1240 395 1225 386 1095 395 1076 408 755 423"/></Shape>
	    <String CONTENT="en avoir délibéré conformément à la loi ; Attendu que la"
                    HPOS="751"
                    VPOS="244"
                    WIDTH="1591"
                    HEIGHT="179"></String>
          </TextLine>

          
          
          <TextLine ID="r7l3"
                    
                    BASELINE="763 502 841 495 919 487 997 479 1075 468 1154 458 1232 447 1310 436 1388 426 1466 416 1545 406 1623 398 1701 391 1779 384 1857 380 1936 378 2014 378 2092 379 2170 383 2248 391 2327 401" 
                    HPOS="761"
                    VPOS="309"
                    WIDTH="1562"
                    HEIGHT="192">
            <Shape><Polygon POINTS="761 501 761 445 990 433 1011 417 1039 429 1076 405 1110 423 1228 414 1268 383 1308 411 1342 374 1370 392 1395 365 1420 380 1451 361 1507 377 1541 352 1590 380 1618 349 1646 361 1708 337 1745 355 1794 330 1952 330 1980 318 2011 318 2045 346 2085 315 2122 309 2178 334 2203 318 2252 349 2311 343 2323 399 2258 405 2193 383 2181 395 2116 380 2082 383 2060 402 2036 380 1986 420 1946 420 1896 389 1844 392 1568 411 1522 426 1479 420 1414 451 1377 433 1315 454 1191 454 1166 476 1144 464 1073 482 1014 476 767 501"/></Shape>
	    <String CONTENT="demande des époux André paraît juste et fondée ; Que d&#x27;ailleurs"
                    HPOS="761"
                    VPOS="309"
                    WIDTH="1562"
                    HEIGHT="192"></String>
          </TextLine>

          
          
          <TextLine ID="r7l4"
                    
                    BASELINE="743 579 821 572 900 564 978 556 1057 547 1135 537 1214 527 1292 517 1371 507 1449 497 1528 488 1606 480 1685 473 1763 468 1842 464 1920 461 1999 461 2077 462 2156 466 2234 473 2313 482" 
                    HPOS="742"
                    VPOS="395"
                    WIDTH="1569"
                    HEIGHT="186">
            <Shape><Polygon POINTS="742 578 742 522 792 519 813 504 838 516 974 510 1027 485 1045 504 1144 498 1178 457 1216 473 1237 460 1262 470 1284 451 1330 467 1373 439 1442 451 1466 433 1513 429 1565 426 1596 454 1658 439 1683 451 1714 417 1760 414 1785 439 1828 442 1872 408 1909 405 1934 429 2054 395 2091 429 2128 402 2166 395 2209 429 2299 423 2311 479 2224 488 2178 467 2067 460 1822 476 1779 498 1760 482 1633 488 1599 510 1578 491 1531 510 1503 498 1451 516 1380 510 1321 547 1228 553 1194 535 1169 547 1138 538 1011 566 996 556 974 569 943 559 928 572 745 581"/></Shape>
	    <String CONTENT="elle n&#x27;est pas contestée par les époux Uinq André en meurs demandes"
                    HPOS="742"
                    VPOS="395"
                    WIDTH="1569"
                    HEIGHT="186"></String>
          </TextLine>

          
          
          <TextLine ID="r7l5"
                    
                    BASELINE="715 655 795 650 875 644 955 636 1035 628 1116 618 1196 609 1276 599 1356 589 1436 579 1517 571 1597 562 1677 555 1757 549 1837 544 1918 541 1998 541 2078 542 2158 546 2238 552 2319 561" 
                    HPOS="714"
                    VPOS="476"
                    WIDTH="1603"
                    HEIGHT="182">
            <Shape><Polygon POINTS="714 652 717 606 844 600 850 587 946 593 984 566 1014 587 1197 569 1265 575 1278 562 1299 572 1333 553 1367 569 1448 535 1482 556 1531 513 1578 525 1596 507 1621 516 1701 501 1776 498 1794 513 1822 494 1906 491 1940 510 1974 485 2002 485 2020 504 2039 494 2067 513 2132 476 2156 476 2178 498 2203 479 2234 507 2274 491 2308 501 2317 559 2221 572 2203 556 2110 544 1838 556 1800 559 1763 600 1742 600 1701 566 1664 578 1516 575 1432 600 1398 590 1355 624 1274 603 1240 621 1163 612 1070 637 1055 624 980 643 721 658"/></Shape>
	    <String CONTENT="et conclusions et en avoir délibéré conformément à la loi ;"
                    HPOS="714"
                    VPOS="476"
                    WIDTH="1603"
                    HEIGHT="182"></String>
          </TextLine>

          
          
          <TextLine ID="r7l6"
                    
                    BASELINE="757 732 835 726 914 719 993 711 1072 702 1151 694 1230 685 1309 676 1388 666 1467 657 1546 650 1624 643 1703 636 1782 632 1861 628 1940 626 2019 626 2098 628 2177 631 2256 638 2335 646" 
                    HPOS="755"
                    VPOS="572"
                    WIDTH="1578"
                    HEIGHT="161">
            <Shape><Polygon POINTS="755 730 758 674 785 674 816 649 863 649 885 668 943 652 1089 658 1148 652 1206 621 1293 631 1318 612 1377 606 1411 624 1442 603 1488 603 1513 627 1537 627 1606 593 1649 612 1674 600 1689 615 1745 615 1788 597 1819 615 1853 581 1992 572 2076 600 2159 600 2187 581 2218 593 2323 590 2333 643 2262 652 2209 634 2163 658 2039 665 1995 634 1770 649 1760 661 1714 649 1488 661 1460 677 1432 665 1407 692 1380 674 1231 686 1148 714 1101 705 1036 720 990 711 758 733"/></Shape>
	    <String CONTENT="Attendu que taxés et liquidés envers les demandeurs à la"
                    HPOS="755"
                    VPOS="572"
                    WIDTH="1578"
                    HEIGHT="161"></String>
          </TextLine>

          
          
          <TextLine ID="r7l7"
                    
                    BASELINE="753 807 831 803 909 797 988 790 1066 783 1145 775 1223 767 1301 758 1380 749 1458 741 1537 733 1615 726 1693 720 1772 714 1850 711 1929 708 2007 708 2085 709 2164 713 2242 718 2321 726" 
                    HPOS="751"
                    VPOS="649"
                    WIDTH="1569"
                    HEIGHT="161">
            <Shape><Polygon POINTS="751 804 755 757 807 730 838 754 1107 742 1138 739 1188 705 1253 733 1290 711 1315 720 1355 686 1389 702 1414 683 1469 680 1516 696 1531 677 1556 677 1593 696 1674 671 1708 702 1739 686 1807 692 1862 661 1983 655 2005 677 2029 668 2132 689 2193 649 2240 649 2280 680 2311 674 2320 723 2311 736 2200 742 2172 742 2141 714 2125 723 2091 711 2054 726 2020 711 1872 730 1658 730 1559 736 1534 754 1488 742 1463 767 1438 748 1364 767 1302 760 1268 788 1234 791 1182 773 1144 776 1114 798 1049 785 919 807 758 810"/></Shape>
	    <String CONTENT="somme de un franc, et à celle due au Trésor Public, pour"
                    HPOS="751"
                    VPOS="649"
                    WIDTH="1569"
                    HEIGHT="161"></String>
          </TextLine>

          
          
          <TextLine ID="r7l8"
                    
                    BASELINE="739 883 818 878 897 872 976 865 1055 858 1134 851 1213 843 1292 835 1371 827 1450 820 1530 813 1609 807 1688 800 1767 796 1846 792 1925 790 2004 788 2083 789 2162 791 2241 795 2321 801" 
                    HPOS="736"
                    VPOS="723"
                    WIDTH="1584"
                    HEIGHT="158">
            <Shape><Polygon POINTS="736 881 739 832 767 832 795 807 838 829 949 822 968 798 1008 816 1039 791 1067 810 1101 779 1144 798 1197 782 1228 807 1268 785 1299 804 1336 767 1380 788 1401 773 1445 785 1507 757 1667 760 1689 748 1745 760 1788 742 1853 739 1937 770 1986 736 2029 733 2070 751 2091 730 2138 723 2178 757 2311 751 2320 798 2141 804 2094 788 2048 810 2033 794 1974 794 1794 816 1562 816 1531 841 1457 822 1429 838 1389 832 1370 850 1355 835 1299 847 1274 835 1172 859 1101 853 1086 866 739 881"/></Shape>
	    <String CONTENT="le papier timbré de la présente minute, conformément"
                    HPOS="736"
                    VPOS="723"
                    WIDTH="1584"
                    HEIGHT="158"></String>
          </TextLine>

          
          
          <TextLine ID="r7l9"
                    
                    BASELINE="732 954 811 951 891 947 971 941 1051 936 1130 929 1210 922 1290 914 1370 907 1449 899 1529 892 1609 885 1689 880 1768 875 1848 871 1928 868 2008 867 2087 868 2167 871 2247 875 2327 882" 
                    HPOS="730"
                    VPOS="810"
                    WIDTH="1593"
                    HEIGHT="155">
            <Shape><Polygon POINTS="730 952 733 900 857 903 897 881 925 900 965 872 1049 893 1079 869 1132 890 1157 872 1194 881 1222 863 1268 884 1339 841 1373 853 1395 841 1445 859 1686 825 1739 825 1785 856 1825 819 1937 847 1971 822 2029 810 2104 841 2163 832 2184 810 2283 838 2308 810 2323 881 2314 897 2249 887 2218 900 2190 872 2054 872 2036 893 1968 912 1924 912 1890 881 1695 887 1606 893 1562 918 1522 900 1482 918 1442 903 1414 937 1318 940 1284 915 1175 937 1148 928 1117 943 1076 934 1061 952 1011 937 999 952 900 946 869 962 807 952 798 965 736 965"/></Shape>
	    <String CONTENT="à la loi du sept août mil huit cent cinquante, ence,"
                    HPOS="730"
                    VPOS="810"
                    WIDTH="1593"
                    HEIGHT="155"></String>
          </TextLine>

          
          
          <TextLine ID="r7l10"
                    
                    BASELINE="735 1029 814 1026 894 1022 973 1017 1053 1012 1133 1005 1212 999 1292 991 1371 983 1451 976 1531 969 1610 963 1690 957 1769 953 1849 949 1929 946 2008 945 2088 946 2167 949 2247 954 2327 961" 
                    HPOS="733"
                    VPOS="884"
                    WIDTH="1590"
                    HEIGHT="152">
            <Shape><Polygon POINTS="733 1026 736 980 798 980 820 958 841 977 996 971 1014 946 1052 968 1110 965 1135 937 1160 934 1194 934 1216 952 1308 934 1339 955 1373 955 1454 921 1488 946 1519 918 1575 940 1593 915 1661 934 1701 915 1735 928 1757 909 1779 928 1835 909 1946 931 1995 909 2020 928 2094 893 2163 903 2203 890 2234 918 2271 915 2314 884 2323 958 2314 977 2271 962 2240 980 2159 983 2104 949 2029 949 1946 986 1912 955 1810 971 1633 968 1618 983 1599 968 1469 996 1448 980 1336 989 1299 1017 1256 996 1206 1008 1172 999 1138 1014 1107 1005 1055 1026 1002 1017 987 1033 736 1036"/></Shape>
	    <String CONTENT="non compris le coût du présent jugement, la signification"
                    HPOS="733"
                    VPOS="884"
                    WIDTH="1590"
                    HEIGHT="152"></String>
          </TextLine>

          
          
          <TextLine ID="r7l11"
                    
                    BASELINE="738 1103 817 1100 896 1096 976 1091 1055 1086 1135 1080 1214 1074 1294 1068 1373 1062 1453 1056 1532 1050 1611 1045 1691 1040 1770 1036 1850 1032 1929 1030 2009 1029 2088 1029 2168 1030 2247 1033 2327 1038" 
                    HPOS="736"
                    VPOS="965"
                    WIDTH="1587"
                    HEIGHT="139">
            <Shape><Polygon POINTS="736 1101 739 1039 751 1036 776 1057 1033 1048 1058 1033 1107 1045 1175 1030 1203 1005 1287 1036 1346 1023 1373 1033 1398 1008 1432 1030 1466 1014 1525 1026 1571 986 1609 999 1640 983 1788 977 1903 992 1924 977 1995 986 2023 968 2057 989 2073 974 2098 986 2119 965 2159 965 2200 999 2234 999 2268 977 2311 980 2323 1036 1952 1036 1924 1057 1899 1039 1717 1045 1701 1064 1680 1048 1479 1067 1420 1057 1358 1079 1342 1067 1299 1082 1265 1070 1247 1085 1135 1079 1095 1091 739 1104"/></Shape>
	    <String CONTENT="d&#x27;icelui et ses suites. Et vu les articles 437 du code de"
                    HPOS="736"
                    VPOS="965"
                    WIDTH="1587"
                    HEIGHT="139"></String>
          </TextLine>

          
          
          <TextLine ID="r7l12"
                    
                    BASELINE="729 1181 808 1176 888 1170 967 1165 1047 1159 1127 1153 1206 1148 1286 1142 1365 1136 1445 1130 1525 1125 1604 1121 1684 1117 1763 1113 1843 1111 1923 1109 2002 1108 2082 1108 2161 1109 2241 1111 2321 1114" 
                    HPOS="727"
                    VPOS="1045"
                    WIDTH="1593"
                    HEIGHT="145">
            <Shape><Polygon POINTS="727 1178 730 1135 776 1119 789 1132 850 1132 891 1104 1002 1125 1064 1122 1083 1104 1098 1119 1138 1119 1163 1088 1206 1088 1231 1110 1271 1088 1352 1107 1373 1095 1401 1101 1429 1079 1513 1095 1544 1073 1581 1073 1621 1091 1655 1070 1683 1091 1714 1079 1742 1095 1785 1073 1813 1082 1850 1061 1915 1057 1992 1057 2048 1076 2094 1064 2144 1079 2200 1076 2221 1054 2274 1045 2311 1070 2320 1113 2311 1129 2221 1132 2203 1113 2138 1122 2101 1110 2060 1125 2026 1107 1943 1144 1921 1144 1887 1113 1695 1135 1674 1122 1646 1135 1590 1125 1559 1150 1513 1129 1479 1141 1423 1135 1407 1150 1367 1135 1228 1150 1209 1172 1182 1175 1064 1156 1021 1172 956 1166 931 1181 897 1169 838 1187 813 1175 733 1190"/></Shape>
	    <String CONTENT="procédure civile, 27 et 42 du décret du onze Juin 1809,"
                    HPOS="727"
                    VPOS="1045"
                    WIDTH="1593"
                    HEIGHT="145"></String>
          </TextLine>

          
          
          <TextLine ID="r7l13"
                    
                    BASELINE="739 1252 818 1248 898 1244 977 1239 1057 1234 1137 1229 1216 1223 1296 1218 1375 1213 1455 1208 1535 1203 1614 1199 1694 1195 1773 1191 1853 1189 1933 1186 2012 1185 2092 1184 2171 1184 2251 1186 2331 1188" 
                    HPOS="736"
                    VPOS="1132"
                    WIDTH="1594"
                    HEIGHT="139">
            <Shape><Polygon POINTS="736 1249 739 1209 764 1197 795 1212 894 1209 922 1190 946 1206 971 1187 999 1203 1030 1172 1058 1169 1213 1197 1262 1190 1290 1166 1373 1156 1401 1156 1438 1184 1472 1172 1491 1184 1550 1169 1568 1150 1612 1147 1655 1147 1689 1175 1732 1175 1797 1150 1841 1163 1878 1138 1903 1138 1927 1160 2005 1166 2048 1135 2079 1147 2110 1135 2156 1160 2203 1132 2246 1156 2320 1153 2330 1187 2299 1206 2252 1187 2212 1200 2200 1187 2135 1187 2079 1221 2039 1194 1943 1194 1893 1228 1853 1231 1816 1231 1782 1200 1729 1212 1636 1206 1584 1240 1534 1243 1401 1215 1315 1224 1287 1252 1076 1231 1036 1237 1014 1262 946 1265 909 1243 891 1255 826 1246 742 1271"/></Shape>
	    <String CONTENT="pour signifier au défenseur le présent jugement, Commet"
                    HPOS="736"
                    VPOS="1132"
                    WIDTH="1594"
                    HEIGHT="139"></String>
          </TextLine>

          
          
          <TextLine ID="r7l14"
                    
                    BASELINE="735 1333 815 1329 895 1325 975 1319 1055 1314 1135 1310 1215 1304 1295 1299 1375 1294 1455 1289 1535 1285 1615 1281 1695 1277 1775 1274 1855 1272 1935 1271 2015 1270 2095 1271 2175 1272 2255 1275 2335 1279" 
                    HPOS="733"
                    VPOS="1206"
                    WIDTH="1600"
                    HEIGHT="151">
            <Shape><Polygon POINTS="733 1330 736 1283 792 1255 869 1262 928 1249 956 1277 1008 1277 1055 1246 1076 1246 1101 1271 1175 1271 1203 1252 1219 1268 1259 1268 1342 1258 1386 1234 1482 1234 1507 1255 1571 1258 1633 1240 1683 1252 1701 1234 1720 1243 1763 1221 1794 1221 1844 1249 1912 1218 1946 1243 2011 1243 2082 1212 2119 1231 2169 1215 2277 1234 2320 1206 2333 1277 2302 1314 2079 1320 2033 1277 1999 1296 1958 1280 1924 1299 1903 1277 1865 1274 1822 1296 1804 1280 1751 1283 1732 1302 1677 1280 1655 1293 1581 1286 1541 1308 1519 1293 1469 1296 1451 1314 1417 1302 1367 1339 1315 1308 1256 1308 1240 1320 1203 1305 1160 1327 1135 1311 1061 1327 1027 1317 968 1357 854 1333 804 1345 751 1336 736 1351"/></Shape>
	    <String CONTENT="Minaud, l&#x27;un de ses huissiers audienciers. Ainsi jugé les"
                    HPOS="733"
                    VPOS="1206"
                    WIDTH="1600"
                    HEIGHT="151"></String>
          </TextLine>

          
          
          <TextLine ID="r7l15"
                    
                    BASELINE="724 1406 768 1403 812 1400 856 1398 900 1395 944 1392 988 1390 1033 1387 1077 1385 1121 1383 1165 1381 1209 1379 1253 1377 1297 1375 1342 1373 1386 1370 1430 1368 1474 1366 1518 1364 1562 1361 1607 1358" 
                    HPOS="721"
                    VPOS="1311"
                    WIDTH="885"
                    HEIGHT="115">
            <Shape><Polygon POINTS="721 1404 724 1376 751 1354 844 1370 922 1345 974 1364 1008 1342 1070 1354 1101 1339 1117 1354 1237 1339 1333 1345 1398 1320 1485 1317 1534 1333 1593 1311 1606 1357 1599 1376 1562 1367 1544 1388 1448 1367 1429 1385 1404 1373 1346 1385 1324 1376 1287 1392 1262 1382 1240 1398 1225 1388 1194 1407 1110 1410 1079 1385 1055 1398 1021 1388 959 1413 925 1395 881 1413 860 1398 779 1416 755 1407 727 1426"/></Shape>
	    <String CONTENT="jour mois et an que dessus."
                    HPOS="721"
                    VPOS="1311"
                    WIDTH="885"
                    HEIGHT="115"></String>
          </TextLine>

          
          
          <TextLine ID="r7l16"
                    
                    BASELINE="713 1612 739 1613 765 1614 792 1614 818 1614 844 1614 871 1613 897 1613 923 1612 950 1611 976 1610 1002 1609 1029 1608 1055 1606 1081 1605 1108 1604 1134 1602 1160 1601 1187 1599" 
                    HPOS="711"
                    VPOS="1525"
                    WIDTH="467"
                    HEIGHT="117">
            <Shape><Polygon POINTS="711 1611 721 1559 755 1580 816 1574 835 1555 953 1574 996 1549 1021 1565 1086 1528 1175 1525 1178 1620 1157 1608 1079 1608 1036 1614 1018 1633 891 1642 717 1620"/></Shape>
	    <String CONTENT="Lecucq secrétaire"
                    HPOS="711"
                    VPOS="1525"
                    WIDTH="467"
                    HEIGHT="117"></String>
          </TextLine>

          
          
          <TextLine ID="r7l19"
                    
                    BASELINE="1076 1983 1118 1985 1161 1986 1203 1987 1246 1987 1289 1988 1331 1988 1374 1988 1417 1988 1459 1988 1502 1987 1545 1987 1587 1986 1630 1986 1673 1985 1715 1985 1758 1985 1801 1984 1843 1984 1886 1984 1929 1984" 
                    HPOS="1073"
                    VPOS="1914"
                    WIDTH="854"
                    HEIGHT="87">
            <Shape><Polygon POINTS="1073 1982 1079 1939 1104 1924 1135 1917 1166 1945 1222 1924 1247 1945 1361 1945 1414 1914 1482 1945 1541 1917 1565 1927 1714 1914 1742 1939 1760 1920 1838 1914 1869 1945 1921 1945 1927 1982 1899 2001 1856 2001 1844 1989 1794 2001 1751 1989 1556 1989 1522 2001 1445 1989 1339 2001 1079 1995"/></Shape>
	    <String CONTENT="Dudit jour trente un Juillet"
                    HPOS="1073"
                    VPOS="1914"
                    WIDTH="854"
                    HEIGHT="87"></String>
          </TextLine>

          
          
          <TextLine ID="r7l20"
                    
                    BASELINE="710 2057 790 2057 871 2058 952 2059 1033 2059 1114 2060 1195 2060 1276 2060 1357 2060 1438 2060 1519 2060 1599 2059 1680 2058 1761 2057 1842 2055 1923 2053 2004 2051 2085 2049 2166 2046 2247 2042 2328 2038" 
                    HPOS="708"
                    VPOS="1970"
                    WIDTH="1619"
                    HEIGHT="108">
            <Shape><Polygon POINTS="708 2053 711 1989 779 1992 804 2013 835 2007 872 2029 928 2029 977 1985 1039 2013 1079 1992 1123 2026 1225 2026 1262 1992 1284 2010 1318 1992 1358 2023 1389 2004 1429 2023 1559 2019 1599 1989 1640 2013 1677 1985 1773 2016 1810 1989 1841 2016 1918 1992 1999 1992 2029 2016 2073 2001 2107 2013 2163 1973 2299 1970 2317 1970 2327 2035 2255 2066 2175 2050 2008 2072 1989 2060 1903 2072 1872 2057 1844 2072 1578 2063 1507 2078 1336 2060 1318 2072 1182 2066 1138 2078 1095 2063 1045 2063 1014 2078 999 2063 946 2078 922 2066 711 2066"/></Shape>
	    <String CONTENT="Entre Monsieur et Madame Marie, le sieur Marie"
                    HPOS="708"
                    VPOS="1970"
                    WIDTH="1619"
                    HEIGHT="108"></String>
          </TextLine>

          
          
          <TextLine ID="r7l21"
                    
                    BASELINE="663 2130 746 2131 830 2131 914 2132 997 2133 1081 2134 1165 2135 1248 2136 1332 2137 1416 2138 1500 2138 1583 2139 1667 2139 1751 2138 1834 2138 1918 2136 2002 2134 2085 2132 2169 2129 2253 2125 2337 2120" 
                    HPOS="662"
                    VPOS="2069"
                    WIDTH="1674"
                    HEIGHT="99">
            <Shape><Polygon POINTS="662 2128 665 2084 680 2078 795 2078 823 2103 885 2078 946 2103 984 2078 1008 2103 1101 2103 1126 2081 1182 2094 1200 2075 1262 2100 1296 2075 1445 2075 1472 2097 1507 2100 1742 2100 1773 2078 1791 2097 1841 2081 1865 2094 1893 2078 1983 2097 2005 2078 2045 2097 2116 2097 2159 2072 2234 2094 2292 2069 2327 2069 2336 2118 2330 2140 2305 2134 2289 2152 2258 2131 2187 2152 2159 2137 2067 2137 2051 2152 2008 2152 1995 2140 1816 2140 1797 2152 1782 2140 1708 2165 1618 2165 1596 2143 1559 2146 1534 2165 1445 2165 1420 2140 1370 2156 1265 2137 1234 2152 1219 2140 1163 2140 1104 2168 1024 2168 1002 2146 943 2137 668 2137"/></Shape>
	    <String CONTENT="tant en son nom personnel que pour assister et autoriser la"
                    HPOS="662"
                    VPOS="2069"
                    WIDTH="1674"
                    HEIGHT="99"></String>
          </TextLine>

          
          
          <TextLine ID="r7l22"
                    
                    BASELINE="695 2209 776 2209 858 2209 939 2210 1021 2210 1102 2211 1184 2213 1265 2214 1347 2215 1428 2216 1510 2217 1592 2218 1673 2218 1755 2218 1836 2217 1918 2216 1999 2214 2081 2212 2162 2208 2244 2204 2326 2198" 
                    HPOS="693"
                    VPOS="2152"
                    WIDTH="1630"
                    HEIGHT="90">
            <Shape><Polygon POINTS="693 2208 696 2177 727 2162 789 2162 841 2186 885 2162 1002 2162 1039 2190 1083 2190 1110 2159 1144 2186 1182 2186 1200 2171 1222 2186 1262 2171 1305 2186 1507 2186 1565 2156 1596 2156 1624 2183 1677 2183 1714 2159 1732 2171 1754 2156 1800 2183 1828 2183 1850 2165 1918 2168 1940 2152 1983 2180 2048 2180 2067 2165 2144 2152 2228 2180 2262 2152 2292 2177 2314 2156 2323 2196 2265 2217 2252 2208 2190 2224 2110 2214 2042 2227 2002 2214 1937 2230 1878 2224 1850 2239 1779 2239 1751 2224 1739 2236 1720 2227 1677 2239 1497 2242 1469 2227 1435 2236 1302 2217 1024 2214 987 2242 949 2214 696 2214"/></Shape>
	    <String CONTENT="dame son épouse ouvrière en Tapisserie, demeurant ensemble"
                    HPOS="693"
                    VPOS="2152"
                    WIDTH="1630"
                    HEIGHT="90"></String>
          </TextLine>

          
          
          <TextLine ID="r7l23"
                    
                    BASELINE="687 2281 769 2281 851 2281 933 2282 1015 2283 1097 2285 1179 2287 1261 2289 1343 2290 1425 2292 1508 2294 1590 2295 1672 2296 1754 2296 1836 2295 1918 2294 2000 2292 2082 2289 2164 2285 2246 2279 2329 2273" 
                    HPOS="686"
                    VPOS="2224"
                    WIDTH="1641"
                    HEIGHT="92">
            <Shape><Polygon POINTS="686 2279 690 2242 714 2230 758 2230 779 2245 813 2230 906 2230 996 2261 1045 2230 1076 2230 1123 2264 1169 2230 1228 2242 1247 2227 1352 2227 1367 2242 1395 2236 1448 2261 1652 2261 1692 2233 1720 2248 1779 2242 1797 2258 1884 2245 1903 2258 2036 2258 2070 2239 2104 2258 2138 2242 2212 2258 2274 2224 2317 2224 2327 2270 2320 2285 2209 2298 2172 2289 2094 2310 2014 2310 2002 2298 1958 2310 1869 2295 1838 2310 1671 2301 1652 2313 1513 2313 1494 2298 1479 2307 1426 2295 1407 2313 1327 2313 1302 2292 1089 2292 1021 2313 999 2292 912 2292 866 2316 829 2292 693 2292"/></Shape>
	    <String CONTENT="les dits époux, à Paris, rue de la condamine, numéro"
                    HPOS="686"
                    VPOS="2224"
                    WIDTH="1641"
                    HEIGHT="92"></String>
          </TextLine>

          
          
          <TextLine ID="r7l24"
                    
                    BASELINE="687 2355 768 2356 849 2358 930 2359 1012 2361 1093 2363 1174 2365 1255 2367 1337 2369 1418 2371 1499 2373 1580 2374 1662 2374 1743 2375 1824 2374 1905 2373 1987 2372 2068 2369 2149 2366 2230 2361 2312 2355" 
                    HPOS="686"
                    VPOS="2301"
                    WIDTH="1625"
                    HEIGHT="87">
            <Shape><Polygon POINTS="686 2354 696 2301 736 2301 767 2320 795 2301 847 2313 860 2301 885 2313 1005 2301 1030 2326 1061 2332 1101 2301 1151 2301 1185 2335 1284 2335 1302 2323 1466 2335 1503 2313 1547 2335 1615 2320 1649 2335 1813 2335 1859 2301 1909 2301 1968 2335 2029 2335 2088 2307 2141 2323 2172 2301 2302 2301 2311 2354 2302 2372 2237 2369 2209 2384 2184 2366 2073 2372 2029 2388 1924 2388 1896 2375 1881 2388 1776 2388 1760 2375 1652 2388 1624 2375 1562 2384 1550 2372 1479 2381 1411 2369 1358 2388 1330 2369 1318 2381 1287 2369 1148 2369 1104 2388 1030 2366 987 2366 946 2388 860 2388 838 2366 690 2366"/></Shape>
	    <String CONTENT="trente neuf ; Demandeur ; Comparant ; D&#x27;une part ; Et"
                    HPOS="686"
                    VPOS="2301"
                    WIDTH="1625"
                    HEIGHT="87"></String>
          </TextLine>

          
          
          <TextLine ID="r7l25"
                    
                    BASELINE="663 2422 745 2424 828 2426 910 2429 993 2432 1076 2434 1158 2437 1241 2440 1323 2443 1406 2446 1489 2448 1571 2450 1654 2452 1736 2453 1819 2453 1902 2452 1984 2451 2067 2448 2149 2444 2232 2440 2315 2433" 
                    HPOS="662"
                    VPOS="2372"
                    WIDTH="1652"
                    HEIGHT="102">
            <Shape><Polygon POINTS="662 2418 668 2394 705 2372 751 2372 776 2397 813 2378 838 2403 931 2403 993 2372 1036 2372 1067 2406 1160 2375 1200 2406 1237 2406 1274 2375 1308 2375 1373 2406 1435 2406 1482 2388 1503 2409 1615 2409 1643 2384 1671 2397 1686 2388 1708 2406 1766 2378 1791 2403 1825 2388 1847 2409 1896 2412 2008 2412 2048 2381 2203 2381 2231 2409 2252 2409 2280 2381 2308 2381 2314 2431 2305 2443 2175 2456 2113 2446 2014 2468 1968 2459 1940 2474 1890 2453 1856 2471 1773 2459 1742 2474 1655 2474 1636 2456 1581 2474 1472 2474 1417 2471 1398 2456 1373 2468 1321 2446 1296 2459 1281 2446 1262 2459 1200 2443 1185 2453 1148 2437 1101 2453 1024 2437 984 2453 909 2434 665 2434"/></Shape>
	    <String CONTENT="Monsieur Jacob, Maître tapissier, demeurant et domicilié"
                    HPOS="662"
                    VPOS="2372"
                    WIDTH="1652"
                    HEIGHT="102"></String>
          </TextLine>

          
          
          <TextLine ID="r7l26"
                    
                    BASELINE="679 2503 760 2504 842 2505 924 2508 1005 2511 1087 2514 1169 2517 1250 2521 1332 2525 1414 2528 1496 2531 1577 2534 1659 2536 1741 2538 1822 2538 1904 2538 1986 2537 2067 2534 2149 2531 2231 2526 2313 2519" 
                    HPOS="677"
                    VPOS="2453"
                    WIDTH="1634"
                    HEIGHT="102">
            <Shape><Polygon POINTS="677 2502 680 2471 696 2474 717 2453 878 2453 919 2477 949 2465 1002 2490 1042 2468 1070 2487 1129 2487 1163 2456 1191 2456 1268 2490 1305 2468 1330 2496 1587 2499 1646 2483 1661 2502 1844 2502 1859 2487 1918 2480 1983 2499 2017 2465 2240 2465 2274 2490 2302 2471 2311 2517 2265 2536 2175 2536 2141 2555 2122 2542 1983 2555 1964 2536 1878 2552 1683 2552 1640 2533 1612 2548 1596 2533 1497 2533 1457 2548 1346 2530 1327 2545 1262 2545 1222 2521 1163 2517 1005 2530 984 2514 680 2517"/></Shape>
	    <String CONTENT="à Paris, rue de Turin, numéro vingt quatre ; Défendeur ;"
                    HPOS="677"
                    VPOS="2453"
                    WIDTH="1634"
                    HEIGHT="102"></String>
          </TextLine>

          
          
          <TextLine ID="r7l27"
                    
                    BASELINE="677 2580 758 2582 839 2584 921 2587 1002 2590 1084 2595 1165 2598 1246 2602 1328 2606 1409 2610 1491 2612 1572 2615 1653 2618 1735 2619 1816 2619 1898 2619 1979 2618 2060 2615 2142 2611 2223 2606 2305 2599" 
                    HPOS="674"
                    VPOS="2517"
                    WIDTH="1628"
                    HEIGHT="118">
            <Shape><Polygon POINTS="674 2579 683 2517 758 2533 770 2521 915 2521 956 2558 1014 2524 1110 2524 1166 2561 1312 2561 1358 2545 1404 2570 1448 2542 1488 2542 1550 2573 1686 2573 1732 2542 1766 2576 1856 2545 1887 2570 1903 2558 1930 2576 1992 2564 2005 2576 2067 2579 2119 2542 2138 2558 2169 2548 2231 2573 2274 2536 2292 2536 2302 2598 2265 2626 2221 2610 2197 2635 2141 2620 1958 2635 1921 2623 1899 2635 1850 2635 1838 2623 1742 2632 1729 2620 1683 2632 1522 2632 1460 2610 1380 2613 1364 2626 1333 2607 1191 2601 1117 2613 1104 2601 1027 2610 953 2592 875 2592 863 2604 776 2592 761 2607 745 2592 677 2598"/></Shape>
	    <String CONTENT="Défaillant ; D&#x27;autre part ; Point de fait = Par lettres du"
                    HPOS="674"
                    VPOS="2517"
                    WIDTH="1628"
                    HEIGHT="118"></String>
          </TextLine>

          
          
          <TextLine ID="r7l28"
                    
                    BASELINE="672 2654 753 2656 835 2659 916 2663 998 2666 1080 2670 1161 2674 1243 2678 1325 2681 1406 2686 1488 2688 1570 2692 1651 2694 1733 2696 1815 2697 1896 2697 1978 2696 2060 2694 2141 2691 2223 2687 2305 2681" 
                    HPOS="671"
                    VPOS="2610"
                    WIDTH="1631"
                    HEIGHT="99">
            <Shape><Polygon POINTS="671 2650 674 2616 702 2610 748 2610 770 2626 785 2610 869 2610 912 2635 959 2616 977 2632 996 2616 1079 2644 1110 2616 1169 2650 1203 2650 1231 2629 1278 2654 1305 2629 1330 2654 1407 2657 1469 2626 1507 2657 1587 2660 1717 2660 1735 2647 1766 2660 1807 2629 1841 2629 1875 2654 1903 2632 1971 2666 2002 2666 2045 2635 2135 2660 2159 2647 2203 2654 2231 2635 2292 2635 2302 2678 2292 2694 2221 2694 2197 2709 2141 2697 1989 2709 1407 2700 1383 2688 1299 2697 1287 2685 1253 2694 1178 2678 1144 2694 1098 2678 1079 2694 1033 2672 881 2685 869 2669 674 2666"/></Shape>
	    <String CONTENT="secrétaire du conseil de Prud&#x27;hommes du Département de la"
                    HPOS="671"
                    VPOS="2610"
                    WIDTH="1631"
                    HEIGHT="99"></String>
          </TextLine>

          
          
          <TextLine ID="r7l29"
                    
                    BASELINE="656 2725 738 2727 821 2730 903 2733 986 2737 1068 2742 1151 2747 1233 2751 1316 2756 1398 2761 1481 2766 1564 2769 1646 2773 1729 2776 1811 2777 1894 2778 1976 2778 2059 2776 2141 2773 2224 2768 2307 2762" 
                    HPOS="652"
                    VPOS="2675"
                    WIDTH="1653"
                    HEIGHT="124">
            <Shape><Polygon POINTS="652 2722 702 2675 764 2675 789 2694 841 2678 872 2709 906 2706 937 2681 1045 2681 1107 2712 1166 2691 1188 2715 1247 2694 1274 2719 1299 2703 1315 2719 1364 2722 1420 2700 1442 2722 1615 2728 1674 2728 1763 2703 1807 2728 1853 2703 1878 2728 1899 2709 1940 2719 1989 2703 2029 2737 2073 2725 2169 2740 2209 2709 2228 2722 2299 2709 2305 2759 2296 2774 2221 2777 2178 2799 2156 2777 2033 2796 2020 2784 1961 2780 1918 2793 1844 2780 1627 2787 1590 2774 1488 2784 1460 2768 1392 2780 1370 2768 1200 2768 1151 2753 1098 2774 1036 2746 987 2762 971 2749 953 2768 888 2743 656 2749"/></Shape>
	    <String CONTENT="Seine pour l&#x27;industrie des Tissus en dates des Lundi vingt un"
                    HPOS="652"
                    VPOS="2675"
                    WIDTH="1653"
                    HEIGHT="124"></String>
          </TextLine>

          
          
          <TextLine ID="r7l30"
                    
                    BASELINE="663 2798 746 2801 829 2805 912 2810 995 2815 1078 2821 1161 2826 1244 2831 1327 2837 1410 2842 1493 2846 1576 2851 1659 2854 1742 2856 1825 2858 1908 2858 1991 2857 2074 2855 2157 2851 2240 2845 2323 2837" 
                    HPOS="662"
                    VPOS="2753"
                    WIDTH="1658"
                    HEIGHT="123">
            <Shape><Polygon POINTS="662 2796 665 2756 705 2777 733 2753 801 2753 956 2768 996 2796 1052 2777 1076 2799 1107 2796 1148 2768 1197 2802 1213 2790 1234 2796 1271 2768 1312 2805 1584 2811 1627 2784 1689 2780 1751 2814 1788 2805 1875 2818 1924 2784 1961 2784 1999 2821 2026 2821 2048 2802 2098 2814 2135 2787 2169 2787 2231 2818 2258 2790 2311 2790 2320 2836 2311 2848 2224 2855 2206 2873 2178 2855 2159 2870 2051 2858 1943 2876 1921 2861 1813 2873 1578 2855 1559 2867 1537 2852 1466 2848 1411 2861 1367 2845 1330 2858 1274 2836 1247 2852 1228 2836 1172 2845 1154 2827 1095 2842 1024 2821 1005 2839 987 2821 946 2833 919 2814 665 2811"/></Shape>
	    <String CONTENT="et Mardi vingt deux Janvier mil huit cent soixante dix huit"
                    HPOS="662"
                    VPOS="2753"
                    WIDTH="1658"
                    HEIGHT="123"></String>
          </TextLine>

          
          
          <TextLine ID="r7l31"
                    
                    BASELINE="640 2870 723 2873 806 2876 889 2881 973 2886 1056 2891 1139 2897 1222 2903 1306 2909 1389 2915 1472 2920 1555 2925 1639 2929 1722 2932 1805 2934 1888 2936 1972 2936 2055 2934 2138 2931 2221 2926 2305 2919" 
                    HPOS="637"
                    VPOS="2818"
                    WIDTH="1665"
                    HEIGHT="148">
            <Shape><Polygon POINTS="637 2867 668 2818 699 2818 724 2830 761 2821 807 2852 900 2824 940 2827 956 2842 987 2827 1011 2845 1033 2830 1092 2845 1104 2833 1157 2833 1172 2848 1219 2833 1274 2864 1308 2842 1342 2873 1414 2873 1457 2855 1479 2876 1568 2879 1587 2861 1633 2855 1664 2882 1689 2870 1705 2882 1865 2889 1912 2870 1955 2892 1992 2892 2026 2864 2110 2861 2166 2898 2200 2898 2283 2870 2302 2917 2200 2966 2076 2935 2008 2960 1887 2957 1853 2938 1680 2951 1643 2947 1624 2929 1590 2941 1528 2926 1510 2938 1469 2923 1448 2935 1417 2923 1398 2938 1377 2917 1339 2926 1318 2913 1216 2913 1178 2935 1148 2901 1073 2913 1055 2895 996 2904 928 2889 640 2882"/></Shape>
	    <String CONTENT="les époux Marie firent citer Jacob à comparaître par devant le"
                    HPOS="637"
                    VPOS="2818"
                    WIDTH="1665"
                    HEIGHT="148"></String>
          </TextLine>

          
          
          <TextLine ID="r7l32"
                    
                    BASELINE="671 2940 752 2944 834 2949 916 2955 997 2960 1079 2967 1161 2973 1242 2979 1324 2985 1406 2990 1488 2995 1569 3000 1651 3004 1733 3007 1814 3010 1896 3011 1978 3011 2059 3010 2141 3006 2223 3002 2305 2996" 
                    HPOS="668"
                    VPOS="2895"
                    WIDTH="1634"
                    HEIGHT="139">
            <Shape><Polygon POINTS="668 2938 721 2898 761 2895 826 2898 857 2926 897 2901 1018 2923 1039 2907 1160 2910 1188 2935 1213 2917 1243 2929 1268 2913 1308 2947 1377 2917 1435 2957 1494 2957 1519 2941 1541 2960 1581 2963 1742 2966 1804 2938 1850 2972 2011 2975 2060 2941 2091 2941 2156 2972 2296 2947 2302 2994 2292 3012 2184 3012 2141 3031 2104 3019 2033 3034 2023 3022 1850 3028 1729 3012 1692 3022 1667 3009 1581 3019 1522 2997 1500 3009 1485 2997 1392 3003 1278 2985 1216 2994 1197 2981 1148 2994 1079 2969 1036 2978 1008 2966 959 2985 934 2963 909 2975 897 2963 888 2972 850 2960 671 2957"/></Shape>
	    <String CONTENT="dit conseil de Prud&#x27;hommes séant en Bureaux Particuliers les "
                    HPOS="668"
                    VPOS="2895"
                    WIDTH="1634"
                    HEIGHT="139"></String>
          </TextLine>

          
          
          <TextLine ID="r7l33"
                    
                    BASELINE="642 3012 729 3016 816 3021 903 3026 991 3033 1078 3039 1165 3047 1253 3054 1340 3061 1427 3067 1515 3074 1602 3080 1689 3085 1777 3088 1864 3090 1951 3091 2039 3091 2126 3088 2213 3084 2301 3077" 
                    HPOS="640"
                    VPOS="2969"
                    WIDTH="1659"
                    HEIGHT="139">
            <Shape><Polygon POINTS="640 3009 671 2969 714 2969 755 2985 829 2975 869 2997 906 2978 959 3003 1030 2981 1083 3012 1144 2991 1178 3016 1191 3003 1271 3028 1333 3003 1377 3025 1401 3000 1510 3037 1643 3040 1708 3019 1766 3040 1797 3022 1841 3050 1980 3056 2218 3028 2292 3031 2299 3074 2289 3093 2178 3093 2144 3108 1510 3084 1497 3071 1287 3074 1247 3059 1231 3071 1166 3050 1138 3062 1033 3040 891 3046 875 3034 643 3031"/></Shape>
	    <String CONTENT="Mardi vingt deux et Vendredi vingt cinq Janvier mil huit cent"
                    HPOS="640"
                    VPOS="2969"
                    WIDTH="1659"
                    HEIGHT="139"></String>
          </TextLine>

          
          
          <TextLine ID="r7l34"
                    
                    BASELINE="656 3084 738 3087 820 3092 903 3098 985 3104 1068 3110 1150 3117 1233 3124 1315 3131 1398 3138 1480 3144 1562 3150 1645 3155 1727 3159 1810 3163 1892 3165 1975 3166 2057 3166 2140 3164 2222 3160 2305 3154" 
                    HPOS="652"
                    VPOS="3037"
                    WIDTH="1650"
                    HEIGHT="155">
            <Shape><Polygon POINTS="652 3080 656 3053 696 3037 721 3037 742 3065 764 3065 792 3040 832 3053 875 3043 903 3059 949 3046 977 3059 1070 3053 1098 3087 1188 3059 1234 3093 1293 3093 1336 3074 1380 3096 1411 3080 1442 3099 1469 3084 1488 3102 1531 3105 1559 3080 1606 3108 1643 3087 1664 3105 1689 3090 1711 3105 1735 3087 1763 3108 1782 3090 1810 3090 1847 3118 1946 3111 1955 3124 2002 3124 2020 3111 2036 3127 2098 3130 2163 3102 2215 3105 2231 3121 2252 3105 2292 3105 2302 3152 2292 3167 2234 3167 2187 3192 2135 3167 2116 3183 2082 3170 1986 3179 1968 3164 1872 3179 1785 3164 1534 3164 1507 3145 1380 3155 1361 3136 1299 3152 1271 3130 1154 3124 1117 3136 1101 3121 1027 3124 1008 3111 928 3111 900 3136 869 3136 795 3102 656 3108"/></Shape>
	    <String CONTENT="soixante dix huit pour se concilier si faire se pouvait sur"
                    HPOS="652"
                    VPOS="3037"
                    WIDTH="1650"
                    HEIGHT="155"></String>
          </TextLine>

          
          
          <TextLine ID="r7l35"
                    
                    BASELINE="639 3152 722 3158 805 3164 889 3171 972 3178 1056 3186 1139 3193 1222 3201 1306 3208 1389 3215 1473 3221 1556 3227 1639 3232 1723 3236 1806 3239 1890 3241 1973 3241 2056 3240 2140 3238 2223 3233 2307 3226" 
                    HPOS="637"
                    VPOS="3108"
                    WIDTH="1668"
                    HEIGHT="158">
            <Shape><Polygon POINTS="637 3149 643 3111 705 3108 779 3111 795 3133 854 3139 863 3152 909 3127 953 3142 993 3130 1018 3155 1042 3130 1200 3130 1247 3133 1342 3179 1476 3183 1516 3155 1562 3189 1701 3195 1751 3173 1862 3192 1884 3179 1921 3204 1968 3207 2005 3189 2039 3207 2073 3198 2153 3213 2243 3176 2299 3179 2305 3223 2299 3241 2258 3241 2240 3257 2200 3241 2175 3260 2159 3244 2101 3266 2051 3251 2011 3260 1999 3248 1968 3263 1884 3244 1571 3244 1522 3226 1463 3238 1330 3235 1299 3213 1107 3192 1089 3204 1036 3186 1002 3195 984 3183 971 3192 705 3170 640 3183"/></Shape>
	    <String CONTENT="la demande qu&#x27;ils entendaient former contre lui devant le dit"
                    HPOS="637"
                    VPOS="3108"
                    WIDTH="1668"
                    HEIGHT="158"></String>
          </TextLine>

          
          
          <TextLine ID="r7l36"
                    
                    BASELINE="618 3233 702 3235 787 3239 871 3243 956 3249 1040 3256 1125 3263 1209 3271 1294 3279 1378 3287 1463 3294 1548 3301 1632 3307 1717 3313 1801 3317 1886 3320 1970 3322 2055 3321 2139 3319 2224 3314 2309 3307" 
                    HPOS="615"
                    VPOS="3183"
                    WIDTH="1693"
                    HEIGHT="160">
            <Shape><Polygon POINTS="615 3232 621 3207 652 3183 690 3183 829 3189 875 3223 922 3195 968 3195 996 3217 1042 3210 1067 3235 1083 3223 1120 3235 1178 3210 1191 3220 1219 3207 1247 3232 1296 3213 1339 3251 1466 3257 1516 3248 1537 3260 1658 3263 1726 3244 1754 3269 1804 3269 1850 3244 1878 3248 1903 3275 1983 3263 2039 3278 2094 3257 2122 3269 2193 3257 2224 3272 2246 3254 2302 3254 2308 3306 2299 3337 2234 3316 2203 3331 2190 3319 2144 3343 2098 3343 2026 3328 1884 3334 1841 3319 1571 3319 1556 3303 1488 3312 1463 3300 1423 3312 1367 3291 1327 3309 1312 3291 1290 3303 1250 3278 1101 3266 1049 3275 1027 3263 922 3260 875 3288 841 3288 810 3254 656 3248 618 3266"/></Shape>
	    <String CONTENT="Conseil en paiement de la somme de quatre vingt quatorze francs"
                    HPOS="615"
                    VPOS="3183"
                    WIDTH="1693"
                    HEIGHT="160"></String>
          </TextLine>

          
          
          <TextLine ID="r7l37"
                    
                    BASELINE="645 3305 728 3309 811 3314 895 3320 978 3327 1062 3334 1145 3342 1228 3350 1312 3358 1395 3366 1479 3374 1562 3381 1645 3387 1729 3392 1812 3396 1896 3398 1979 3399 2062 3397 2146 3394 2229 3388 2313 3379" 
                    HPOS="643"
                    VPOS="3260"
                    WIDTH="1668"
                    HEIGHT="170">
            <Shape><Polygon POINTS="643 3303 649 3263 677 3260 702 3282 748 3263 823 3266 850 3297 931 3278 953 3288 971 3272 1154 3282 1197 3325 1265 3325 1305 3294 1318 3306 1358 3297 1411 3328 1460 3306 1488 3334 1519 3309 1556 3303 1587 3337 1612 3343 1782 3350 1847 3319 1890 3340 1918 3328 1949 3356 2029 3362 2132 3365 2178 3328 2240 3328 2286 3343 2305 3331 2311 3377 2305 3405 2240 3396 2172 3430 1754 3405 1723 3390 1649 3405 1630 3387 1599 3396 1503 3377 1488 3390 1451 3371 1404 3374 1380 3393 1355 3374 1339 3384 1265 3365 1237 3377 1216 3356 1160 3350 1129 3362 1107 3346 1061 3381 1021 3377 974 3337 922 3346 912 3334 674 3325 646 3353"/></Shape>
	    <String CONTENT="qu&#x27;il leur doit pour prix de travaux de la dame Marie"
                    HPOS="643"
                    VPOS="3260"
                    WIDTH="1668"
                    HEIGHT="170"></String>
          </TextLine>

          
          
          <TextLine ID="r7l38"
                    
                    BASELINE="637 3384 720 3388 804 3394 887 3400 971 3407 1054 3415 1138 3423 1221 3431 1305 3439 1388 3447 1472 3454 1555 3461 1639 3468 1722 3473 1806 3476 1889 3479 1973 3479 2056 3479 2140 3476 2223 3471 2307 3463" 
                    HPOS="634"
                    VPOS="3346"
                    WIDTH="1671"
                    HEIGHT="186">
            <Shape><Polygon POINTS="634 3381 652 3346 764 3350 789 3362 829 3353 872 3368 931 3362 946 3381 984 3387 1005 3374 1027 3393 1061 3374 1126 3374 1151 3399 1213 3402 1256 3374 1284 3408 1327 3408 1352 3393 1380 3411 1479 3418 1519 3387 1556 3390 1571 3405 1621 3399 1664 3427 1705 3427 1726 3411 1742 3430 1791 3433 1865 3408 1909 3436 1986 3442 2104 3421 2153 3442 2187 3421 2212 3436 2240 3421 2299 3424 2305 3461 2296 3520 2240 3532 2212 3529 2141 3483 2048 3523 1918 3517 1884 3495 1850 3489 1838 3501 1819 3483 1776 3507 1723 3480 1671 3498 1615 3498 1581 3473 1522 3473 1454 3452 1417 3473 1398 3452 1336 3449 1278 3486 1240 3483 1191 3436 1151 3445 1114 3433 1039 3473 993 3430 922 3467 881 3464 826 3418 665 3411 637 3433"/></Shape>
	    <String CONTENT="Jacob n&#x27;ayant pas comparu la cause fut renvoyée devant"
                    HPOS="634"
                    VPOS="3346"
                    WIDTH="1671"
                    HEIGHT="186"></String>
          </TextLine>

          
        </TextBlock>
        
      </PrintSpace>
    </Page>
  </Layout>
</alto>
