2293 3312
635 113 1566 105 Il s'en vu refuser le travail pourquoi il lui demande

643 201 1558 97 quinze francs comme indemnité du préjudice qu'il lui a causé

629 276 1586 102 Benoit de son conté, se présenta et exposa au Conseil qu'il

165 325 453 102 cinq mots rayés comme

632 358 1558 91 a en effet demandé au Bureau de Placement un garçon en

168 414 155 135 nuls

646 438 1547 91 en vu pour le Dimanche vingt Janvier, qu'il a reçu la carte

654 510 1553 105 de Lelièvre et l'a accepté pour travailler chez lui pendant tout

646 604 1547 80 cette journée ; mais lorsque le demandeur se présenta le

640 670 1553 97 vendredi dix huit il était proprement vêtu tandis que lorsqu'il

182 714 312 102 Lecucq

624 753 1572 88 se présenta le Dimanche il était dans un état de mal propreté

632 825 1569 96 tel qu'il ne put le recevoir. Cela est si vrai qu'il se proposa d'aller

632 908 1561 96 chez lui changer de linge, ce dont il le dispensa parcqu'alors

629 977 1561 102 il eut commencé trop tard la journée. Le demandeur protesta

624 1051 1566 105 et demanda à prouver qu'il était proprement vêtu et que

618 1126 1561 104 l'allégation de Benoit n'était qu'un prétexte sans fondement.

621 1206 1569 105 Les parties n'ayant pu être conciliées la cause fut renvoyée devan

627 1283 1563 99 le Bureau Général du conseil séant le Jeudi vingt quatre

632 1349 1564 111 Janvier mil huit cent soixante dix huit et les parties autorisées

635 1426 1547 111 à fournir la preuve. Cité pour le dit jour vingt quatre Janvier

613 1495 1569 119 par lettre du secrétaire du conseil en date du vingt deux Janvier mil

621 1564 1561 116 huit cent soixante dix huit à la requête de Lelièvre Benoit ne

635 1644 1547 114 comparut pas. A l'appel de la cause Lelièvre se présenta

638 1725 1541 91 et conclut à ce qu'il plut au Bureau Général du Conseil donner

632 1788 1556 113 défaut contre Benoit non comparant ni personne pour lui quoique

627 1849 1547 127 dument appelé et pour le profit le condamner à lui payer avec

638 1932 1544 124 intérêts suivant la loi somme de quinze francs à titre de réparation

640 2006 1539 113 du dommage qu'il lui a causé en n'exécutant pas une convention

635 2058 1544 136 verbale de travail librement consentie ; plus, telle indemnité qu'il

651 2136 1523 132 plaira au conseil fixer pour perte de temps devant les Bureaux du

638 2208 1530 135 Conseil et les dépens. Point de droit = Doit-on donner défaut

624 2285 1550 121 contre Benoit non comparant ni personne pour lui quoique dument

629 2351 1542 144 appelé et pour le profit adjuger au demandeur les conclusions

627 2420 1536 138 par lui précèdemment prises ? Que doit-il être statué à

643 2489 1533 133 l'égard des dépens ? Après avoir entendu Lelièvre en ses demandes

629 2564 1547 132 et conclusions et en avoir délibéré conformément à la loi ; Attendu

621 2633 1544 146 que la demande de Lelièvre en principe et juste et fondée ; que

621 2696 1550 144 d'ailleurs elle n'est plus contestée par Benoit non comparant ni

632 2776 1533 141 personne pour lui quoique dument appelé ; Qu'au fond elle est

613 2834 1550 127 exgèrée et doit être ramenée à une proportion plus équitable ;

602 2909 1539 127 Attendu que Benoit à fait perdre à Lelièvre du temps devant

640 2975 1509 121 les Bureaux du Conseil, ce qui lui causa un préjudice dont il

621 3036 1544 146 lui doit réparation ; Par ces motifs = Le Bureau Général jugeant

649 3105 1508 171 en dernier ressort ; vu l'article quarante un du décret du onze
