2345 3440
610 100 1634 135 centimes, mais ne lui doit que trois francs cinq centimes parcequ'elle

624 206 1626 106 prit des marchandises pour soixante quinze centimes. Les parties

610 283 1617 104 n'ayant pu être conciliées la cause fut renvoyée devant le Bureau

613 361 1628 106 Général du conseil séant le Jeudi le Jeudi vingt quatre Janvier

613 441 1634 103 mil huit cent soixante dix huit - Cité pour le dit jour vingt quatre

610 527 1623 103 Janvier par lettre du secrétaire du conseil en date dix huit Janvier

610 604 1623 106 mil huit cent soixante dix huit à la requête de la demoiselle Kas

619 682 1622 103 hoffmann comparut. A l'appel de la cause la demoiselle Kas se

624 768 1614 94 présenta et conclut à ce qu'il plut au Bureau Général du conseil

624 837 1609 106 condamner hoffmann à lui payer avec intérêts suivant la loi la

622 914 1616 112 somme de douze francs qu'il lui pour salaire de deux semaines

619 1000 1571 86 à six francs par semaine et le condamner aux dépens

616 1072 1608 109 De son coté hoffmann se présenta et conclut à ce qu'il plut

647 1152 1577 103 au Bureau Général du conseil attendu qu'il ne doit que trois

630 1221 1603 106 francs cinq centimes, somme qu'il offre payer à la barre du

633 1298 1608 103 conseil ; Par ces motifs = Dire la demoiselle Kas non recevable

630 1381 1600 101 en sa demande, l'en débouter et la condamner aux dépens.

636 1444 1597 112 Point de droit = Doit-on condamner hoffmann à payer

633 1525 1588 109 à la demoiselle Kas la somme de douze francs pour prix de

633 1608 1597 103 deux semaines de travail. Ou bien doit on sur l'offre que

639 1671 1588 109 fait hoffmann de payer trois francs cinq centimes, dire la

633 1751 1597 98 demanderesse non recevable en sa demande, l'en débouter ?

633 1817 1600 112 Que doit-il être statué à l'égard des dépens ? Après avoir entendu

633 1892 1591 106 les parties en leurs demandes et conclusions respectivement et en

659 1963 1562 115 avoir délibéré conformément à la loi ; Attendu que la

670 2041 1548 114 demoiselle Kas justifié qu'elle a travaillé deux semaines à

665 2115 1533 112 raison de six francs l'une ; Qu'il est vrai qu'elle a reçu des

647 2190 1571 126 marchandises en compte pour soixante quinze centimes, ce

647 2264 1557 123 qui la constitue créancier d'hoffmann de la somme de

647 2339 1574 117 onze francs vingt cinq centimes ; Par ces motifs = Le Bureau Général

647 2422 1571 112 jugeant en dernier ressort ; Condamne hoffmann à payer avec

647 2476 1566 135 intérêts suivant la loi à la demoiselle Kas la somme de onze francs

633 2554 1571 123 vingt cinq centimes qu'il lui doit pour salaire ; Le condamne en

656 2625 1557 124 outre aux dépens taxés et liquidés envers la demanderesse à la

633 2694 1562 123 somme de un francs quatre vingt dix centimes, à celle due au Trésor

630 2763 1574 138 Public, pour le papier timbré de la présente minute, conformément

642 2840 1559 129 à la loi du sept août mil huit cent cinquante, ence, non compris le

622 2898 1571 143 Coût du présent jugement, la signification d'icelui et ses suites.

616 2952 1055 149 Ainsi jugé les jour mois et an que dessus.

719 3098 516 135 Lecucq secrétaire
