2174 3328
558 66 1485 119 Conseil en paiement de la somme de treize francs qu'il leur doit pour

563 141 1491 116 prix de travaux de la dame Antès. A l'appel de la cause le sept

558 221 1507 103 Janvier Lay-Lavergne n'ayant pas comparu le quatre les

552 291 1505 108 époux Antès se présentèrent et exposèrent comme cidessus. De

541 363 1521 105 son coté Lay-Lavergne se présenta, reconnut devoir la somme

563 429 1499 117 reclamée et sollicita termes et délais pour la payer. Par la

546 515 1511 95 proposition du Bureau Particulier Lay-Lavergne prit l'engagemen

541 587 1519 100 de payer au plus tard le seize Janvier mil huit cent soixante

527 660 1527 94 dix huit. Cet engagement ne fut pas tenu. La cause en cet état

527 729 1527 86 fut renvoyée devant le Bureau Général du conseil séant le Jeudi

516 798 1546 97 Vingt quatre Janvier mil huit cent soixante dix huit ; cité pour le

524 876 1533 80 dire jour vingt quatre Janvier par lettre du secrétaire du conseil

521 945 1533 86 en date du dix neuf Janvier mil huit cent soixante dix huit à la

502 1020 1549 92 requête des époux Antès Lay-Lavergne comparut. A l'appel

541 1095 1502 89 de la cause les époux Antès se présentèrent et conclurent à ce qu'il

496 1170 1558 66 plut au Bureau Général du conseil condamner Lay Lavergne à leur

496 1239 1558 67 payer avec intérêts suivant la loi la somme de treize francs qu'il

510 1311 1552 78 leur doit pour prix de travaux de la dame Antès le condamner

496 1389 1555 83 aux dépens. De son côté Lay-Lavergne se présenta et conclut

491 1461 1560 78 à ce qu'il plut au Bureau Général du conseil lui accorder à

496 1536 1558 69 nouveau termes et délais pour payer sans dépens cette somme

496 1602 1558 81 de treize francs qu'il reconnaît devoir. Point de droit = Doit

485 1672 1561 86 on condamner Lay Lavergne à payer à Antès la somme de

477 1744 1580 86 treize francs qu'il leur doit pour prix de travaux de la dame Antès

463 1822 1583 74 ou bien doit on accorder à Lay-Lavergne termes et délais pour payer

455 1896 1582 75 cette somme qu'il reconnait devoir ? Que doit-il être statué à

477 1963 1569 80 l'égard des dépens ? Après avoir entendu les parties en leurs demandes

469 2038 1577 91 et conclusions respectivement et en avoir délibéré conformément à la

427 2099 1624 86 loi ; Attendu que Lay-Lavergne doit aux époux Antès la somme

447 2177 1599 105 de treize francs pour prix de travaux de la dame Antès ; Que ceux

441 2268 1596 92 ci consentent à lui accorder de nouveaux délai pour la payer ;

427 2340 1597 94 Par ces motifs = Le Bureau Général jugeant en dernier ressort ;

405 2410 1627 97 condamne Lay-Lavergne à payer avec intérêts aux époux Antès

444 2482 1593 105 la somme de treize francs par sept francs le vingt six Janvier mil

438 2557 1611 97 huit cent soixante dix huit et le solde huit jours après ; Le condamne

422 2631 1621 100 en outre aux dépens taxés et liquidés envers les demandeurs à la somme

435 2712 1566 91 de un franc, et à celle due au Trésor Public, pour le papier

402 2776 1602 99 timbré de la présente minute, conformément à la loi du sept août mil

419 2850 1607 103 huit cent cinquante, ence, non compris le coût du présent jugement la

405 2928 1619 111 signification d'icelui et ses suites. Ainsi jugé les jour mois et

385 2995 400 102 an que dessus.

494 3072 613 86 Lecucq secrétaire
