<?xml version="1.0" encoding="UTF-8"?>
<alto xmlns:xsi="http://www.w3.org/2001/XMLSchema-instance"
      xmlns="http://www.loc.gov/standards/alto/ns-v4#"
      xsi:schemaLocation="http://www.loc.gov/standards/alto/ns-v4# http://www.loc.gov/standards/alto/v4/alto-4-2.xsd">
  <Description>
    <MeasurementUnit>pixel</MeasurementUnit>
    <sourceImageInformation>
      <fileName>IMG_20190620_122706.jpg</fileName>
      
    </sourceImageInformation>
  </Description>
  
  <Tags>
    <OtherTag ID="BT4" LABEL="Illustration" DESCRIPTION="block type Illustration"/><OtherTag ID="BT3" LABEL="Commentary" DESCRIPTION="block type Commentary"/><OtherTag ID="BT2" LABEL="Main" DESCRIPTION="block type Main"/><OtherTag ID="BT1" LABEL="Title" DESCRIPTION="block type Title"/>
    
  </Tags>
  
  <Layout>
    <Page WIDTH="2143"
          HEIGHT="3360"
          PHYSICAL_IMG_NR="26"
          ID="eSc_dummypage_">
      <PrintSpace HPOS="0"
                  VPOS="0"
                  WIDTH="2143"
                  HEIGHT="3360">
        
        <TextBlock HPOS="1787"
                   VPOS="56"
                   WIDTH="53"
                   HEIGHT="75"
                   ID="eSc_textblock_a50e89cc"
                   >
          <Shape><Polygon POINTS="1798 56 1840 56 1840 131 1787 120 1798 56"/></Shape>
          
        </TextBlock>
        
        <TextBlock HPOS="56"
                   VPOS="145"
                   WIDTH="2064"
                   HEIGHT="3111"
                   ID="eSc_textblock_1e30b90d"
                   >
          <Shape><Polygon POINTS="1820 145 2030 156 2109 302 2120 2954 2075 3122 2008 3189 1627 3245 1282 3200 1117 3200 1014 3256 560 3234 470 3189 560 3133 481 3021 560 2718 515 2195 479 2270 434 2262 411 2427 344 2486 378 2576 355 2741 190 2786 190 2564 56 2573 123 1825 246 1811 246 1624 322 1624 347 1747 512 1736 549 1677 481 1184 549 190 1820 145"/></Shape>
          
        </TextBlock>
        
        <TextBlock HPOS="459"
                   VPOS="2564"
                   WIDTH="53"
                   HEIGHT="54"
                   ID="eSc_textblock_03685326"
                   >
          <Shape><Polygon POINTS="481 2564 512 2595 470 2618 459 2598 481 2564"/></Shape>
          
        </TextBlock>
        

        
        <TextBlock ID="eSc_dummyblock_">
          
          
          <TextLine ID="r5l2"
                    
                    BASELINE="575 218 645 218 715 219 785 221 855 222 925 225 995 227 1065 230 1135 233 1205 236 1275 238 1345 240 1415 242 1485 243 1555 243 1625 243 1695 242 1765 240 1835 237 1905 232 1976 226" 
                    HPOS="574"
                    VPOS="170"
                    WIDTH="1400"
                    HEIGHT="93">
            <Shape><Polygon POINTS="574 215 577 184 624 193 669 179 711 196 770 170 885 170 944 187 966 179 980 187 1014 170 1033 182 1114 173 1142 198 1249 198 1280 182 1308 198 1439 198 1465 173 1602 176 1641 201 1697 201 1714 190 1778 201 1815 184 1832 201 1862 201 1910 176 1966 176 1974 224 1960 252 1938 238 1865 249 1834 238 1756 240 1742 254 1708 243 1616 257 1605 246 1549 263 1493 252 1350 260 1313 243 1173 257 1112 232 1039 260 991 254 960 229 820 226 789 246 764 229 753 238 733 226 577 226"/></Shape>
	    <String CONTENT="et conclut à ce qu&#x27;il plut au Bureau Général du conseil "
                    HPOS="574"
                    VPOS="170"
                    WIDTH="1400"
                    HEIGHT="93"></String>
          </TextLine>

          
          
          <TextLine ID="r5l3"
                    
                    BASELINE="570 291 644 291 719 292 794 293 869 295 944 297 1019 299 1094 302 1169 305 1244 307 1319 310 1393 312 1468 313 1543 315 1618 316 1693 316 1768 316 1843 314 1918 312 1993 308 2068 304" 
                    HPOS="568"
                    VPOS="246"
                    WIDTH="1499"
                    HEIGHT="87">
            <Shape><Polygon POINTS="568 288 574 257 591 246 652 257 708 246 753 271 770 260 826 260 860 274 1014 266 1039 274 1067 249 1120 260 1154 249 1201 277 1451 277 1484 254 1554 280 1602 254 1627 254 1649 277 1663 266 1714 277 1784 257 1874 257 1885 268 1896 257 1988 257 2011 280 2061 282 2067 302 2058 324 2047 313 1963 313 1913 333 1837 333 1806 316 1770 330 1753 316 1686 330 1672 319 1647 330 1633 319 1577 330 1409 319 1361 327 1350 316 1308 327 1182 305 1075 324 1056 305 1028 302 949 313 930 302 876 324 848 299 571 302"/></Shape>
	    <String CONTENT="condamner Jan à lui payer avec intérêts suivant la loi la somme "
                    HPOS="568"
                    VPOS="246"
                    WIDTH="1499"
                    HEIGHT="87"></String>
          </TextLine>

          
          
          <TextLine ID="r5l4"
                    
                    BASELINE="582 363 654 361 726 361 798 361 870 362 942 364 1014 366 1086 369 1158 371 1230 374 1303 377 1375 380 1447 382 1519 384 1591 385 1663 386 1735 386 1807 385 1879 383 1951 379 2024 375" 
                    HPOS="579"
                    VPOS="316"
                    WIDTH="1443"
                    HEIGHT="87">
            <Shape><Polygon POINTS="579 361 582 330 613 316 669 338 703 316 750 316 773 330 868 316 916 336 949 316 994 319 1033 341 1050 333 1064 347 1154 319 1198 319 1246 347 1294 330 1308 344 1361 330 1381 350 1437 350 1515 327 1532 344 1619 338 1666 352 1705 333 1734 352 1966 352 1988 333 2014 341 2022 372 1997 392 1949 380 1930 400 1907 380 1857 400 1815 386 1784 400 1708 389 1694 403 1638 389 1585 400 1563 389 1521 400 1495 389 1420 400 1266 389 1221 397 1201 378 1176 375 1159 386 1123 372 944 369 910 394 871 383 857 394 801 394 764 369 582 372"/></Shape>
	    <String CONTENT="de trente six francs à titre de réparation du dommage qu&#x27;il "
                    HPOS="579"
                    VPOS="316"
                    WIDTH="1443"
                    HEIGHT="87"></String>
          </TextLine>

          
          
          <TextLine ID="r5l5"
                    
                    BASELINE="578 435 649 435 721 435 792 436 864 437 936 438 1007 440 1079 441 1150 443 1222 446 1294 448 1365 449 1437 452 1508 453 1580 455 1652 456 1723 456 1795 457 1866 457 1938 456 2010 454" 
                    HPOS="577"
                    VPOS="380"
                    WIDTH="1431"
                    HEIGHT="87">
            <Shape><Polygon POINTS="577 434 579 400 607 380 652 386 672 406 717 406 739 392 775 408 848 408 868 389 896 408 941 408 980 383 1002 394 1148 386 1187 414 1361 414 1389 397 1448 417 1465 400 1543 392 1563 411 1599 420 1677 420 1714 400 1750 417 1801 397 1846 397 1862 411 1904 397 1938 422 2000 422 2008 453 1986 467 1930 456 1834 467 1392 462 1364 450 1218 459 1170 445 1100 445 1081 456 1070 445 977 442 949 453 938 442 848 442 837 453 773 439 728 439 717 450 683 439 633 450 579 442"/></Shape>
	    <String CONTENT="lui a causé en le congédiant instantanément contrairement "
                    HPOS="577"
                    VPOS="380"
                    WIDTH="1431"
                    HEIGHT="87"></String>
          </TextLine>

          
          
          <TextLine ID="r5l6"
                    
                    BASELINE="578 507 651 507 724 507 797 508 871 509 944 510 1017 512 1091 514 1164 516 1237 517 1311 519 1384 521 1457 523 1530 525 1604 526 1677 528 1750 529 1824 529 1897 529 1970 529 2044 528" 
                    HPOS="577"
                    VPOS="453"
                    WIDTH="1465"
                    HEIGHT="93">
            <Shape><Polygon POINTS="577 506 582 481 627 481 672 453 725 453 795 484 837 484 862 459 938 484 974 456 994 456 1140 459 1190 487 1240 462 1266 481 1311 462 1381 462 1423 492 1683 484 1714 495 1734 481 1756 495 1854 498 1899 470 1938 498 1988 470 2014 470 2036 487 2042 526 2033 537 1994 532 1980 546 1955 526 1899 543 1806 543 1787 529 1694 543 1663 526 1641 543 1596 529 1554 540 1470 540 1456 529 1423 540 1383 523 1282 526 1266 537 1240 520 1179 534 1126 515 1086 529 994 523 983 512 787 526 770 512 683 509 663 520 605 515 579 529"/></Shape>
	    <String CONTENT="à l&#x27;usage et l&#x27;équité et le condamner aux dépens. De son "
                    HPOS="577"
                    VPOS="453"
                    WIDTH="1465"
                    HEIGHT="93"></String>
          </TextLine>

          
          
          <TextLine ID="r5l7"
                    
                    BASELINE="561 585 633 584 706 583 779 583 852 584 925 585 998 586 1070 588 1143 590 1216 592 1289 594 1362 596 1435 598 1508 600 1580 602 1653 603 1726 605 1799 606 1872 606 1945 607 2018 606" 
                    HPOS="560"
                    VPOS="526"
                    WIDTH="1456"
                    HEIGHT="95">
            <Shape><Polygon POINTS="560 582 565 540 733 526 787 529 834 557 857 557 888 532 918 551 949 532 1011 532 1033 548 1081 540 1137 562 1187 543 1201 560 1246 562 1302 537 1333 548 1389 537 1417 562 1445 557 1465 568 1523 568 1613 540 1647 562 1767 571 1820 543 1846 574 2008 574 2016 604 1986 616 1834 618 1778 607 1652 621 1633 607 1518 618 1453 602 1414 616 1397 599 1327 599 1285 616 1207 593 1103 604 1072 590 907 599 882 588 854 607 798 607 739 602 728 588 689 590 675 604 652 585 585 604 563 588"/></Shape>
	    <String CONTENT="coté Jan se présenta et conclut à ce qu&#x27;il plut au Bureau "
                    HPOS="560"
                    VPOS="526"
                    WIDTH="1456"
                    HEIGHT="95"></String>
          </TextLine>

          
          
          <TextLine ID="r5l8"
                    
                    BASELINE="559 659 630 658 702 657 774 657 846 657 917 658 989 659 1061 661 1133 663 1204 664 1276 667 1348 669 1420 671 1491 673 1563 675 1635 676 1707 678 1778 679 1850 680 1922 680 1994 679" 
                    HPOS="557"
                    VPOS="602"
                    WIDTH="1434"
                    HEIGHT="98">
            <Shape><Polygon POINTS="557 658 560 621 591 602 728 602 756 624 795 610 815 627 854 627 893 604 955 630 983 630 1000 613 1042 624 1084 607 1162 621 1243 610 1285 632 1495 613 1515 632 1577 638 1644 638 1666 616 1697 638 1750 638 1781 616 1829 641 1868 618 1907 641 1983 641 1991 677 1977 691 1896 683 1787 700 1756 697 1739 680 1403 694 1364 672 1330 674 1313 691 1285 677 1266 691 1246 674 1232 683 1131 666 1075 680 1025 666 958 677 921 663 798 663 778 677 700 660 610 663 560 683"/></Shape>
	    <String CONTENT="Général du conseil attendu que Scherpereel ne lui fit que "
                    HPOS="557"
                    VPOS="602"
                    WIDTH="1434"
                    HEIGHT="98"></String>
          </TextLine>

          
          
          <TextLine ID="r5l9"
                    
                    BASELINE="576 731 649 730 723 729 796 729 870 729 944 730 1017 731 1091 732 1164 734 1238 735 1312 737 1385 739 1459 741 1532 743 1606 745 1680 747 1753 749 1827 751 1900 752 1974 754 2048 755" 
                    HPOS="574"
                    VPOS="680"
                    WIDTH="1473"
                    HEIGHT="92">
            <Shape><Polygon POINTS="574 730 577 691 593 697 610 680 638 700 661 700 677 683 694 700 773 702 812 702 845 680 879 694 949 680 1061 683 1114 705 1159 708 1212 702 1229 686 1274 686 1305 705 1495 702 1509 714 1537 691 1610 691 1635 708 1655 697 1686 716 1722 697 1748 716 1857 716 1890 697 1944 711 1958 697 1991 697 2039 719 2047 753 2019 767 1997 756 1963 772 1865 772 1834 758 1804 767 1773 753 1725 764 1675 750 1501 767 1467 744 1367 744 1350 756 1299 739 1240 739 1212 753 1170 739 1134 761 1058 758 1025 736 946 750 918 736 787 736 775 747 761 733 700 744 686 733 666 744 652 733 607 736 596 747 577 736"/></Shape>
	    <String CONTENT="du mauvais travail ayant occasionné la perte de marchandises ; "
                    HPOS="574"
                    VPOS="680"
                    WIDTH="1473"
                    HEIGHT="92"></String>
          </TextLine>

          
          
          <TextLine ID="r5l10"
                    
                    BASELINE="557 803 631 803 706 804 781 804 856 804 930 805 1005 806 1080 807 1155 808 1229 809 1304 810 1379 812 1454 813 1528 814 1603 816 1678 818 1753 819 1827 821 1902 822 1977 824 2052 825" 
                    HPOS="554"
                    VPOS="747"
                    WIDTH="1496"
                    HEIGHT="95">
            <Shape><Polygon POINTS="554 800 560 767 596 747 641 772 703 772 736 747 764 775 834 775 860 750 882 761 921 750 1005 770 1056 756 1081 778 1123 778 1151 758 1201 781 1243 770 1268 781 1294 756 1313 756 1378 784 1493 770 1515 786 1563 786 1602 767 1621 781 1652 761 1666 772 1722 764 1748 789 1801 789 1818 775 1851 767 1865 778 1885 767 1944 792 1969 767 2044 767 2050 823 1924 834 1902 826 1868 842 1753 840 1739 826 1703 834 1619 817 1577 837 1554 823 1521 837 1487 814 1327 826 1285 812 1263 831 1176 831 1154 817 1047 809 935 823 918 809 865 809 854 820 806 809 781 820 767 806 742 806 683 823 661 806 557 820"/></Shape>
	    <String CONTENT="Que pour cette cause et aussi en vertu du droit qu&#x27;il possède "
                    HPOS="554"
                    VPOS="747"
                    WIDTH="1496"
                    HEIGHT="95"></String>
          </TextLine>

          
          
          <TextLine ID="r5l11"
                    
                    BASELINE="584 873 655 873 726 872 797 872 869 872 940 873 1011 873 1083 874 1154 875 1225 877 1297 878 1368 880 1439 882 1510 883 1582 885 1653 886 1724 888 1796 889 1867 891 1938 892 2010 893" 
                    HPOS="582"
                    VPOS="820"
                    WIDTH="1426"
                    HEIGHT="87">
            <Shape><Polygon POINTS="582 870 585 842 655 820 677 820 700 842 742 834 787 845 874 845 921 823 986 823 1008 842 1042 845 1075 845 1114 826 1173 826 1196 851 1305 851 1355 828 1400 854 1423 842 1439 854 1504 854 1526 831 1560 842 1599 831 1649 834 1697 854 1722 834 1750 834 1770 854 1787 845 1806 859 1865 859 1888 837 1935 848 1955 837 1977 854 1997 848 2008 890 2000 901 1904 890 1812 904 1781 890 1725 901 1700 890 1683 907 1655 893 1619 904 1591 884 1417 887 1403 898 1367 882 1339 896 1311 879 1266 907 1193 907 1047 904 1022 882 983 876 949 887 862 876 845 887 834 876 815 884 784 873 680 873 658 887 641 876 602 893 585 887"/></Shape>
	    <String CONTENT="de remercier tout employé au jour et à l&#x27;instant qu&#x27;il lui "
                    HPOS="582"
                    VPOS="820"
                    WIDTH="1426"
                    HEIGHT="87"></String>
          </TextLine>

          
          
          <TextLine ID="r5l12"
                    
                    BASELINE="566 946 639 945 712 945 786 945 859 945 933 945 1006 946 1079 947 1153 948 1226 949 1300 951 1373 953 1446 954 1520 956 1593 957 1667 959 1740 960 1813 961 1887 963 1960 963 2034 964" 
                    HPOS="565"
                    VPOS="890"
                    WIDTH="1468"
                    HEIGHT="90">
            <Shape><Polygon POINTS="565 943 571 904 596 890 624 910 666 890 731 915 787 890 845 898 868 918 907 893 969 893 1033 921 1047 912 1252 924 1285 898 1369 910 1381 898 1459 901 1490 918 1526 912 1540 926 1616 918 1633 929 1697 929 1753 904 1812 904 1840 932 1902 932 1924 910 1949 932 2002 932 2022 915 2033 963 1988 980 1955 966 1832 977 1812 960 1764 977 1621 974 1560 957 1411 974 1395 954 1198 954 1184 966 1109 952 1036 963 1014 952 997 963 969 949 840 949 787 966 711 946 677 963 630 952 568 960"/></Shape>
	    <String CONTENT="plait il ne doit aucune indemnité ; Par ces motifs = Dire "
                    HPOS="565"
                    VPOS="890"
                    WIDTH="1468"
                    HEIGHT="90"></String>
          </TextLine>

          
          
          <TextLine ID="r5l13"
                    
                    BASELINE="570 1016 644 1016 718 1016 792 1016 867 1017 941 1017 1015 1018 1090 1018 1164 1019 1238 1020 1313 1021 1387 1022 1461 1023 1535 1024 1610 1026 1684 1027 1758 1029 1833 1030 1907 1032 1981 1034 2056 1036" 
                    HPOS="568"
                    VPOS="957"
                    WIDTH="1485"
                    HEIGHT="90">
            <Shape><Polygon POINTS="568 1013 574 980 616 957 675 957 708 974 745 968 761 985 834 985 865 960 888 960 946 988 1022 988 1047 974 1162 991 1207 971 1246 988 1305 977 1319 994 1355 968 1409 968 1453 994 1501 971 1675 971 1700 999 1798 999 1818 985 1848 996 1868 980 1876 991 1896 980 1918 1002 1960 982 1991 1002 2047 994 2053 1036 2033 1047 1997 1036 1963 1047 1907 1033 1689 1041 1652 1027 1602 1041 1523 1027 1504 1041 1414 1024 1333 1038 1322 1027 1280 1036 1235 1022 1148 1036 1109 1019 1098 1030 1047 1019 1022 1030 963 1022 949 1033 916 1019 876 1030 775 1030 728 1016 703 1027 571 1022"/></Shape>
	    <String CONTENT="Scherpereel non recevable en sa demande l&#x27;en débouter comme "
                    HPOS="568"
                    VPOS="957"
                    WIDTH="1485"
                    HEIGHT="90"></String>
          </TextLine>

          
          
          <TextLine ID="r5l14"
                    
                    BASELINE="562 1085 637 1085 712 1085 787 1085 862 1085 937 1086 1012 1086 1087 1087 1162 1088 1237 1089 1312 1089 1387 1090 1462 1092 1537 1093 1612 1094 1687 1095 1762 1096 1837 1097 1912 1098 1987 1099 2062 1100" 
                    HPOS="560"
                    VPOS="1033"
                    WIDTH="1501"
                    HEIGHT="81">
            <Shape><Polygon POINTS="560 1083 565 1050 630 1055 655 1033 700 1033 731 1055 787 1033 826 1033 865 1058 927 1058 949 1036 983 1036 1030 1058 1072 1058 1106 1036 1162 1036 1254 1038 1277 1061 1330 1047 1358 1061 1451 1052 1465 1064 1515 1064 1537 1041 1613 1064 1686 1064 1708 1044 1745 1047 1767 1066 1792 1066 1809 1050 1854 1066 1916 1066 1946 1064 1963 1047 1994 1058 2016 1044 2056 1066 2061 1097 2053 1114 2008 1100 1974 1114 1949 1100 1916 1114 1899 1103 1795 1111 1742 1097 1717 1108 1630 1097 1577 1114 1551 1114 1532 1097 1518 1108 1473 1097 1445 1111 1350 1111 1339 1100 1322 1108 1210 1092 1159 1092 1142 1106 1123 1089 1047 1089 1036 1100 1022 1089 997 1100 963 1089 944 1106 913 1097 888 1108 854 1089 795 1086 761 1097 689 1089 672 1106 563 1097"/></Shape>
	    <String CONTENT="mal fondé en icelle et le condamner aux dépens. Point de droit "
                    HPOS="560"
                    VPOS="1033"
                    WIDTH="1501"
                    HEIGHT="81"></String>
          </TextLine>

          
          
          <TextLine ID="r5l15"
                    
                    BASELINE="500 1160 577 1160 655 1160 732 1160 810 1161 887 1161 965 1161 1042 1162 1120 1163 1197 1163 1275 1164 1352 1165 1430 1166 1507 1167 1585 1168 1662 1169 1740 1170 1817 1171 1895 1172 1972 1174 2050 1175" 
                    HPOS="498"
                    VPOS="1103"
                    WIDTH="1549"
                    HEIGHT="89">
            <Shape><Polygon POINTS="498 1159 509 1103 596 1103 624 1131 663 1117 677 1131 728 1131 756 1125 778 1103 871 1106 907 1134 977 1122 1028 1134 1072 1106 1117 1136 1148 1136 1179 1108 1243 1108 1271 1136 1372 1128 1428 1136 1448 1125 1462 1139 1481 1125 1498 1139 1532 1139 1563 1114 1593 1139 1619 1139 1647 1122 1666 1131 1689 1111 1728 1111 1739 1125 1776 1114 1812 1142 1916 1136 1960 1117 2005 1139 2042 1131 2047 1173 2039 1187 1994 1173 1949 1192 1904 1173 1820 1192 1784 1176 1750 1190 1644 1190 1621 1170 1568 1176 1549 1190 1473 1190 1406 1167 1322 1167 1288 1184 1243 1167 1204 1187 1126 1187 1106 1167 1058 1184 1022 1164 946 1170 935 1181 750 1162 733 1173 711 1162 638 1167 619 1181 582 1167 571 1178 501 1176"/></Shape>
	    <String CONTENT="Doit-on condamner Jan à payer à Scherpereel la somme de trente "
                    HPOS="498"
                    VPOS="1103"
                    WIDTH="1549"
                    HEIGHT="89"></String>
          </TextLine>

          
          
          <TextLine ID="r5l16"
                    
                    BASELINE="571 1232 643 1231 716 1231 788 1231 861 1231 934 1231 1006 1232 1079 1232 1152 1233 1224 1233 1297 1234 1370 1235 1442 1236 1515 1237 1588 1238 1660 1239 1733 1240 1806 1240 1878 1241 1951 1242 2024 1243" 
                    HPOS="568"
                    VPOS="1176"
                    WIDTH="1454"
                    HEIGHT="84">
            <Shape><Polygon POINTS="568 1232 571 1198 635 1187 658 1201 686 1176 717 1176 753 1201 806 1201 834 1176 1016 1176 1070 1201 1092 1184 1120 1204 1170 1204 1235 1178 1339 1178 1397 1198 1473 1190 1490 1204 1546 1206 1717 1206 1728 1195 1745 1204 1767 1184 1781 1192 1795 1181 1871 1206 1924 1206 1969 1181 2005 1181 2022 1240 1988 1254 1974 1243 1944 1246 1930 1260 1862 1260 1809 1243 1750 1260 1734 1246 1675 1257 1658 1243 1630 1260 1546 1260 1512 1257 1490 1237 1448 1248 1434 1237 1311 1237 1207 1251 1196 1240 1084 1246 1072 1234 1022 1234 1005 1246 930 1246 918 1234 893 1243 829 1232 787 1246 663 1237 641 1254 613 1240 596 1254 571 1251"/></Shape>
	    <String CONTENT="six francs à titre de réparation du dommage qu&#x27;il lui a fait "
                    HPOS="568"
                    VPOS="1176"
                    WIDTH="1454"
                    HEIGHT="84"></String>
          </TextLine>

          
          
          <TextLine ID="r5l17"
                    
                    BASELINE="576 1303 648 1303 720 1303 793 1303 865 1304 938 1304 1010 1304 1082 1304 1155 1305 1227 1305 1300 1306 1372 1306 1444 1307 1517 1308 1589 1308 1662 1309 1734 1310 1806 1311 1879 1311 1951 1312 2024 1313" 
                    HPOS="574"
                    VPOS="1246"
                    WIDTH="1448"
                    HEIGHT="78">
            <Shape><Polygon POINTS="574 1302 577 1271 607 1254 638 1274 826 1274 876 1246 1061 1246 1100 1251 1137 1276 1184 1276 1207 1254 1240 1274 1308 1248 1339 1248 1364 1265 1400 1257 1420 1271 1487 1254 1515 1276 1543 1279 1585 1279 1638 1251 1669 1251 1683 1265 1731 1251 1767 1279 1913 1279 1944 1254 1977 1265 1988 1254 2014 1262 2022 1310 1893 1313 1871 1324 1860 1313 1826 1324 1627 1324 1616 1313 1551 1321 1498 1310 1375 1310 1364 1321 1226 1310 1081 1321 1050 1307 997 1318 944 1307 904 1318 795 1307 781 1318 711 1307 577 1316"/></Shape>
	    <String CONTENT="éprouver le congédiant instantanément et se refusant à lui "
                    HPOS="574"
                    VPOS="1246"
                    WIDTH="1448"
                    HEIGHT="78"></String>
          </TextLine>

          
          
          <TextLine ID="r5l18"
                    
                    BASELINE="576 1374 648 1374 720 1374 792 1374 864 1374 936 1375 1008 1375 1080 1375 1152 1376 1224 1376 1297 1377 1369 1377 1441 1378 1513 1378 1585 1379 1657 1379 1729 1380 1801 1380 1873 1381 1945 1382 2018 1382" 
                    HPOS="574"
                    VPOS="1321"
                    WIDTH="1442"
                    HEIGHT="79">
            <Shape><Polygon POINTS="574 1372 577 1338 605 1321 717 1321 745 1346 781 1321 823 1321 848 1346 907 1321 994 1321 1067 1349 1106 1349 1131 1327 1159 1346 1184 1327 1221 1349 1263 1335 1285 1349 1372 1349 1386 1335 1411 1349 1465 1349 1507 1324 1529 1341 1588 1330 1605 1346 1624 1335 1658 1349 1731 1344 1745 1330 1801 1352 1997 1352 2008 1341 2016 1380 1941 1397 1907 1383 1851 1383 1840 1394 1818 1383 1711 1383 1661 1394 1633 1383 1523 1391 1504 1380 1479 1394 1437 1377 1400 1394 1381 1383 1325 1400 1232 1400 1212 1388 1176 1394 1156 1380 1114 1391 1044 1377 1016 1380 1000 1397 902 1377 834 1377 803 1391 764 1383 750 1397 691 1397 675 1383 633 1397 613 1380 596 1391 577 1377"/></Shape>
	    <String CONTENT="laisser faire la semaine de congé ? Ou bien doit-on dire "
                    HPOS="574"
                    VPOS="1321"
                    WIDTH="1442"
                    HEIGHT="79"></String>
          </TextLine>

          
          
          <TextLine ID="r5l19"
                    
                    BASELINE="578 1443 651 1444 725 1445 799 1446 873 1446 947 1447 1021 1447 1094 1447 1168 1447 1242 1447 1316 1447 1390 1447 1464 1448 1538 1448 1611 1449 1685 1450 1759 1451 1833 1453 1907 1455 1981 1457 2055 1460" 
                    HPOS="577"
                    VPOS="1386"
                    WIDTH="1476"
                    HEIGHT="84">
            <Shape><Polygon POINTS="577 1442 579 1411 607 1386 641 1411 683 1386 708 1411 742 1411 767 1394 787 1411 817 1414 913 1397 927 1411 1025 1414 1050 1400 1064 1416 1109 1416 1151 1402 1184 1408 1196 1397 1305 1416 1347 1397 1369 1419 1423 1419 1448 1402 1501 1419 1518 1402 1557 1394 1669 1397 1694 1422 1725 1397 1773 1397 1801 1419 1846 1400 1874 1425 1902 1411 1932 1425 1988 1400 2028 1425 2044 1422 2053 1458 2044 1470 2025 1458 1994 1470 1938 1458 1874 1470 1862 1458 1804 1456 1616 1464 1479 1453 1425 1464 1400 1453 1375 1464 1305 1450 1221 1461 1095 1461 1081 1450 1044 1458 1014 1447 983 1458 775 1447 579 1456"/></Shape>
	    <String CONTENT="Scherpereel non recevable en sa demande, l&#x27;en débouter ? "
                    HPOS="577"
                    VPOS="1386"
                    WIDTH="1476"
                    HEIGHT="84"></String>
          </TextLine>

          
          
          <TextLine ID="r5l20"
                    
                    BASELINE="575 1518 652 1518 730 1518 808 1518 886 1518 964 1518 1042 1519 1119 1519 1197 1519 1275 1519 1353 1520 1431 1520 1509 1521 1586 1522 1664 1522 1742 1523 1820 1524 1898 1525 1976 1526 2054 1527" 
                    HPOS="574"
                    VPOS="1461"
                    WIDTH="1479"
                    HEIGHT="81">
            <Shape><Polygon POINTS="574 1517 577 1478 605 1461 644 1484 717 1484 745 1467 773 1475 787 1461 845 1478 876 1461 972 1461 994 1475 1044 1461 1078 1481 1112 1467 1140 1478 1156 1464 1238 1464 1260 1486 1308 1464 1358 1467 1389 1486 1428 1464 1459 1486 1484 1470 1515 1470 1565 1489 1599 1475 1700 1489 1731 1472 1759 1486 1812 1467 1871 1467 1893 1489 2044 1489 2053 1526 2022 1542 1994 1542 1974 1526 1871 1528 1834 1542 1739 1542 1720 1528 1661 1540 1641 1528 1616 1542 1571 1542 1554 1523 1495 1537 1465 1523 1392 1537 1350 1523 1333 1540 1302 1523 1081 1534 1070 1523 1019 1520 952 1534 941 1526 927 1537 896 1520 806 1523 792 1534 747 1523 577 1534"/></Shape>
	    <String CONTENT="Que doit-il être statué à l&#x27;égard des dépens ? Après avoir "
                    HPOS="574"
                    VPOS="1461"
                    WIDTH="1479"
                    HEIGHT="81"></String>
          </TextLine>

          
          
          <TextLine ID="r5l21"
                    
                    BASELINE="578 1590 652 1590 727 1591 802 1591 876 1591 951 1591 1026 1591 1100 1591 1175 1592 1250 1592 1325 1592 1399 1592 1474 1593 1549 1593 1623 1594 1698 1594 1773 1595 1847 1596 1922 1597 1997 1598 2072 1599" 
                    HPOS="577"
                    VPOS="1534"
                    WIDTH="1493"
                    HEIGHT="78">
            <Shape><Polygon POINTS="577 1587 579 1551 624 1554 669 1534 739 1548 781 1534 803 1545 857 1534 876 1554 899 1534 946 1545 966 1534 988 1548 1053 1537 1072 1554 1092 1545 1103 1556 1123 1556 1142 1537 1207 1542 1221 1556 1252 1537 1336 1537 1367 1559 1406 1559 1437 1542 1456 1559 1498 1559 1571 1540 1591 1559 1641 1559 1658 1542 1705 1562 1860 1562 1879 1548 1927 1562 1960 1542 2000 1562 2061 1559 2070 1598 2044 1612 1994 1598 1860 1610 1848 1598 1705 1607 1697 1596 1641 1596 1610 1610 1515 1596 1428 1610 1409 1598 1381 1607 1302 1593 1268 1604 1201 1593 1182 1607 1047 1607 1033 1596 969 1604 960 1593 896 1604 579 1596"/></Shape>
	    <String CONTENT="entendu les parties en leurs demandes et conclusions respectivement "
                    HPOS="577"
                    VPOS="1534"
                    WIDTH="1493"
                    HEIGHT="78"></String>
          </TextLine>

          
          
          <TextLine ID="r5l22"
                    
                    BASELINE="576 1661 649 1661 722 1661 795 1661 868 1661 941 1661 1014 1662 1087 1662 1160 1662 1233 1663 1307 1663 1380 1663 1453 1664 1526 1664 1599 1665 1672 1665 1745 1666 1818 1666 1891 1667 1964 1667 2038 1668" 
                    HPOS="574"
                    VPOS="1601"
                    WIDTH="1462"
                    HEIGHT="81">
            <Shape><Polygon POINTS="574 1660 577 1632 591 1621 862 1632 927 1601 997 1601 1008 1612 1019 1601 1081 1601 1142 1629 1187 1601 1218 1601 1252 1632 1305 1635 1367 1621 1428 1635 1448 1615 1479 1635 1504 1615 1537 1624 1560 1607 1605 1635 1672 1635 1714 1604 1781 1604 1795 1618 1818 1604 1851 1604 1865 1618 1888 1604 1988 1604 2028 1621 2036 1666 2028 1680 2005 1668 1977 1682 1932 1668 1854 1680 1834 1666 1770 1682 1669 1666 1649 1677 1607 1666 1560 1677 1448 1668 1400 1682 1305 1682 1277 1666 1246 1680 1215 1663 1162 1666 1151 1677 1137 1663 1109 1674 1033 1666 1000 1680 983 1663 879 1674 860 1666 831 1677 778 1668 767 1680 577 1668"/></Shape>
	    <String CONTENT="et en avoir délibéré conformément à la loi ; Attendu que "
                    HPOS="574"
                    VPOS="1601"
                    WIDTH="1462"
                    HEIGHT="81"></String>
          </TextLine>

          
          
          <TextLine ID="r5l23"
                    
                    BASELINE="561 1730 636 1730 711 1731 786 1731 861 1731 937 1732 1012 1732 1087 1732 1162 1732 1237 1732 1313 1733 1388 1733 1463 1733 1538 1733 1613 1733 1689 1734 1764 1734 1839 1734 1914 1735 1989 1735 2065 1735" 
                    HPOS="560"
                    VPOS="1674"
                    WIDTH="1504"
                    HEIGHT="76">
            <Shape><Polygon POINTS="560 1727 565 1696 593 1674 683 1696 745 1696 764 1677 817 1694 848 1674 1000 1691 1042 1674 1081 1696 1106 1674 1240 1674 1305 1699 1462 1699 1479 1685 1521 1694 1543 1677 1574 1699 1630 1677 1666 1691 1759 1677 1790 1699 1823 1677 1837 1691 1851 1677 1876 1699 1913 1699 1932 1685 1966 1699 2036 1691 2058 1699 2064 1733 2002 1744 1946 1736 1918 1750 1837 1750 1826 1738 1728 1747 1694 1736 1588 1750 1512 1738 1487 1750 1437 1738 1358 1750 1274 1733 1240 1747 1162 1736 1098 1747 1047 1736 966 1744 932 1733 910 1747 899 1736 845 1747 767 1736 733 1747 689 1736 677 1747 644 1736 563 1747"/></Shape>
	    <String CONTENT="Jan ne justifie nullement du mauvais travail de Scherpereel ; "
                    HPOS="560"
                    VPOS="1674"
                    WIDTH="1504"
                    HEIGHT="76"></String>
          </TextLine>

          
          
          <TextLine ID="r5l24"
                    
                    BASELINE="570 1803 644 1804 718 1804 792 1804 866 1804 940 1805 1014 1805 1088 1805 1162 1805 1236 1805 1311 1806 1385 1806 1459 1806 1533 1806 1607 1807 1681 1807 1755 1808 1829 1808 1903 1809 1977 1809 2052 1810" 
                    HPOS="568"
                    VPOS="1744"
                    WIDTH="1482"
                    HEIGHT="87">
            <Shape><Polygon POINTS="568 1800 571 1761 607 1752 658 1769 683 1744 705 1744 728 1766 745 1755 784 1766 806 1744 831 1758 885 1744 1179 1747 1218 1772 1308 1772 1336 1747 1367 1772 1439 1772 1476 1752 1515 1766 1551 1747 1596 1775 1649 1775 1677 1758 1720 1769 1753 1761 1767 1775 1809 1758 1843 1761 1857 1775 1952 1775 1963 1764 1994 1772 2008 1758 2042 1775 2050 1808 2042 1825 1949 1811 1927 1831 1902 1831 1882 1811 1784 1811 1762 1831 1708 1831 1689 1811 1638 1811 1621 1825 1521 1808 1495 1828 1451 1828 1431 1808 1372 1808 1347 1822 1325 1811 1311 1822 1238 1822 1221 1808 1117 1825 1103 1811 1075 1817 1053 1806 1005 1817 988 1806 888 1806 868 1825 756 1825 714 1811 669 1825 641 1811 571 1825"/></Shape>
	    <String CONTENT="Que d&#x27;autre part si l&#x27;était réellement fondé à se plaindre de "
                    HPOS="568"
                    VPOS="1744"
                    WIDTH="1482"
                    HEIGHT="87"></String>
          </TextLine>

          
          
          <TextLine ID="r5l25"
                    
                    BASELINE="587 1874 661 1874 736 1875 811 1876 886 1876 960 1876 1035 1877 1110 1877 1185 1877 1259 1877 1334 1877 1409 1877 1484 1877 1558 1878 1633 1878 1708 1878 1783 1878 1857 1879 1932 1879 2007 1880 2082 1880" 
                    HPOS="585"
                    VPOS="1822"
                    WIDTH="1496"
                    HEIGHT="73">
            <Shape><Polygon POINTS="585 1873 588 1836 621 1831 641 1848 747 1848 767 1831 792 1839 809 1828 834 1848 865 1848 896 1822 1070 1822 1098 1839 1123 1822 1165 1839 1212 1825 1257 1842 1313 1822 1341 1850 1395 1850 1411 1834 1434 1850 1540 1848 1560 1828 1588 1850 1635 1850 1666 1825 1725 1850 1750 1839 1784 1850 1910 1850 1935 1825 2011 1825 2044 1850 2072 1850 2081 1878 2002 1895 1983 1881 1874 1892 1762 1878 1739 1895 1686 1878 1644 1895 1621 1881 1574 1881 1560 1895 1509 1895 1495 1881 1330 1890 1282 1878 1117 1892 1092 1881 1008 1887 960 1876 888 1892 840 1881 801 1892 719 1892 708 1881 666 1892 621 1878 588 1887"/></Shape>
	    <String CONTENT="son incapacité il le devait remercier dans la première huitaine "
                    HPOS="585"
                    VPOS="1822"
                    WIDTH="1496"
                    HEIGHT="73"></String>
          </TextLine>

          
          
          <TextLine ID="r5l26"
                    
                    BASELINE="590 1953 662 1951 734 1950 806 1949 878 1948 951 1947 1023 1947 1095 1947 1167 1947 1239 1947 1312 1948 1384 1948 1456 1949 1528 1950 1600 1950 1673 1951 1745 1952 1817 1953 1889 1953 1961 1954 2034 1955" 
                    HPOS="588"
                    VPOS="1895"
                    WIDTH="1445"
                    HEIGHT="73">
            <Shape><Polygon POINTS="588 1951 591 1920 605 1915 672 1920 686 1906 705 1920 773 1920 798 1895 829 1906 857 1895 1014 1895 1025 1906 1042 1898 1058 1915 1086 1895 1128 1895 1165 1920 1232 1915 1252 1895 1285 1895 1316 1920 1378 1920 1403 1901 1439 1906 1451 1895 1549 1918 1571 1895 1619 1895 1644 1920 1686 1920 1703 1906 1722 1920 1742 1906 1764 1920 1818 1920 1829 1909 1840 1920 1932 1920 1963 1909 1974 1920 2025 1920 2033 1954 1918 1951 1879 1965 1832 1951 1809 1968 1795 1954 1728 1965 1705 1951 1669 1968 1638 1957 1624 1968 1515 1968 1445 1948 1420 1960 1165 1951 1148 1965 1084 1951 949 1948 904 1968 829 1968 812 1951 764 1954 747 1968 733 1954 591 1968"/></Shape>
	    <String CONTENT="qu&#x27;est le temps d&#x27;essai alors qu&#x27;il ne l&#x27;a fait quaprès trois "
                    HPOS="588"
                    VPOS="1895"
                    WIDTH="1445"
                    HEIGHT="73"></String>
          </TextLine>

          
          
          <TextLine ID="r5l27"
                    
                    BASELINE="531 2023 607 2022 684 2021 760 2020 837 2020 913 2019 990 2019 1066 2019 1143 2019 1219 2020 1296 2020 1372 2021 1449 2021 1525 2022 1602 2022 1678 2023 1755 2023 1831 2024 1908 2024 1984 2025 2061 2025" 
                    HPOS="529"
                    VPOS="1965"
                    WIDTH="1529"
                    HEIGHT="70">
            <Shape><Polygon POINTS="529 2021 535 1993 571 1976 593 1990 630 1971 661 1993 697 1965 745 1985 773 1965 812 1965 840 1990 854 1976 879 1988 904 1971 935 1993 1022 1993 1061 1965 1134 1965 1156 1982 1198 1968 1257 1993 1305 1993 1339 1965 1378 1976 1395 1965 1523 1974 1554 1993 1641 1993 1658 1979 1675 1993 1851 1993 1868 1982 1924 1988 1946 1965 2014 1965 2053 1988 2058 2024 2047 2035 1899 2035 1848 2021 1815 2035 1745 2035 1725 2024 1568 2035 1554 2021 1518 2032 1476 2021 1459 2035 1425 2024 1201 2035 1190 2024 1098 2032 1028 2021 930 2021 876 2035 532 2035"/></Shape>
	    <String CONTENT="semaines écoulées ; Attendu que le délai congé est un usage au "
                    HPOS="529"
                    VPOS="1965"
                    WIDTH="1529"
                    HEIGHT="70"></String>
          </TextLine>

          
          
          <TextLine ID="r5l28"
                    
                    BASELINE="582 2087 656 2087 731 2088 806 2088 881 2088 956 2088 1031 2088 1106 2088 1181 2088 1256 2088 1331 2088 1405 2088 1480 2089 1555 2089 1630 2090 1705 2091 1780 2092 1855 2093 1930 2094 2005 2096 2080 2098" 
                    HPOS="579"
                    VPOS="2030"
                    WIDTH="1499"
                    HEIGHT="86">
            <Shape><Polygon POINTS="579 2086 585 2044 596 2055 672 2055 700 2030 756 2049 874 2030 902 2055 966 2058 1030 2058 1067 2038 1114 2058 1218 2058 1246 2046 1282 2055 1319 2032 1341 2058 1386 2038 1456 2049 1476 2035 1568 2035 1579 2046 1607 2038 1708 2063 1778 2063 1812 2041 1846 2038 1899 2038 1924 2052 1941 2041 2025 2038 2072 2063 2078 2097 2064 2116 2016 2097 1958 2114 1921 2097 1902 2111 1818 2094 1767 2108 1753 2097 1722 2105 1705 2091 1641 2091 1613 2116 1554 2116 1526 2091 1504 2105 1462 2094 1369 2094 1353 2105 1311 2091 1291 2108 1246 2097 1229 2111 1204 2097 1162 2105 1151 2094 1100 2091 1078 2111 1042 2094 1019 2114 977 2114 960 2094 893 2100 865 2088 770 2111 675 2111 641 2097 616 2111 582 2108"/></Shape>
	    <String CONTENT="quel les parties ne peuvent se soustraire que par une convention "
                    HPOS="579"
                    VPOS="2030"
                    WIDTH="1499"
                    HEIGHT="86"></String>
          </TextLine>

          
          
          <TextLine ID="r5l29"
                    
                    BASELINE="582 2158 655 2158 729 2159 802 2159 876 2159 949 2159 1023 2160 1096 2160 1170 2160 1243 2160 1317 2160 1390 2160 1464 2160 1537 2160 1611 2161 1684 2161 1758 2162 1831 2163 1905 2164 1978 2165 2052 2166" 
                    HPOS="579"
                    VPOS="2102"
                    WIDTH="1471"
                    HEIGHT="93">
            <Shape><Polygon POINTS="579 2156 582 2128 635 2130 672 2116 686 2130 775 2130 806 2116 820 2130 874 2130 902 2102 949 2102 1011 2130 1050 2130 1072 2116 1086 2133 1120 2133 1162 2111 1201 2133 1235 2133 1333 2119 1347 2105 1392 2105 1417 2122 1459 2105 1540 2105 1568 2136 1666 2136 1714 2108 1829 2108 1874 2125 1896 2108 1916 2128 1960 2125 1980 2136 2016 2136 2042 2119 2050 2164 2042 2178 1958 2170 1932 2186 1913 2167 1879 2164 1846 2192 1818 2167 1798 2178 1753 2164 1703 2170 1658 2195 1605 2195 1537 2164 1501 2161 1367 2161 1336 2192 1201 2192 1148 2164 1072 2161 1036 2175 1014 2161 935 2175 840 2161 815 2186 792 2189 722 2189 638 2164 582 2186"/></Shape>
	    <String CONTENT="qui n&#x27;eut pas lieur ; Par ces motifs = Le Bureau Général jugeant "
                    HPOS="579"
                    VPOS="2102"
                    WIDTH="1471"
                    HEIGHT="93"></String>
          </TextLine>

          
          
          <TextLine ID="r5l30"
                    
                    BASELINE="586 2237 661 2237 736 2237 811 2236 886 2236 961 2236 1036 2236 1111 2236 1186 2236 1261 2236 1337 2236 1412 2236 1487 2236 1562 2237 1637 2237 1712 2238 1787 2238 1862 2239 1937 2240 2012 2241 2088 2242" 
                    HPOS="585"
                    VPOS="2181"
                    WIDTH="1501"
                    HEIGHT="78">
            <Shape><Polygon POINTS="585 2234 591 2200 602 2212 658 2212 700 2186 742 2212 792 2192 834 2212 854 2198 868 2212 890 2209 918 2181 958 2206 1014 2181 1170 2181 1187 2198 1207 2192 1243 2212 1316 2212 1341 2192 1423 2184 1467 2214 1526 2214 1560 2186 1616 2214 1711 2214 1731 2203 1832 2214 1865 2184 1932 2184 1969 2200 2005 2184 2042 2214 2081 2214 2086 2240 2078 2259 2050 2259 2028 2240 2008 2254 1960 2242 1941 2259 1868 2259 1840 2240 1795 2251 1633 2242 1610 2256 1585 2240 1540 2242 1521 2259 1456 2259 1423 2240 1397 2254 1361 2245 1347 2259 1311 2240 1254 2256 1218 2240 1151 2248 1126 2237 1070 2237 1053 2254 1014 2237 988 2256 910 2240 876 2248 865 2237 831 2248 787 2240 750 2256 711 2242 588 2242"/></Shape>
	    <String CONTENT="en dernier ressort ; Condamne Jan à payer avec intérêts suivant "
                    HPOS="585"
                    VPOS="2181"
                    WIDTH="1501"
                    HEIGHT="78"></String>
          </TextLine>

          
          
          <TextLine ID="r5l31"
                    
                    BASELINE="585 2304 660 2303 735 2303 810 2303 885 2303 960 2303 1035 2303 1111 2303 1186 2303 1261 2303 1336 2303 1411 2304 1486 2304 1561 2304 1637 2304 1712 2305 1787 2305 1862 2306 1937 2306 2012 2307 2088 2307" 
                    HPOS="582"
                    VPOS="2248"
                    WIDTH="1504"
                    HEIGHT="76">
            <Shape><Polygon POINTS="582 2301 585 2270 616 2248 649 2265 675 2248 714 2248 747 2276 882 2276 924 2254 963 2276 1005 2262 1033 2273 1064 2259 1084 2276 1112 2276 1134 2256 1179 2270 1212 2248 1235 2259 1291 2248 1327 2276 1397 2276 1423 2259 1448 2276 1501 2276 1529 2248 1661 2256 1675 2270 1711 2251 1736 2273 1778 2273 1818 2248 1848 2248 1882 2276 1927 2276 1955 2248 1986 2262 2039 2248 2078 2276 2086 2304 2025 2321 2008 2307 1927 2318 1832 2307 1773 2324 1711 2324 1697 2310 1574 2318 1557 2307 1417 2307 1392 2318 1330 2307 1311 2324 1254 2310 1229 2324 1168 2324 1148 2310 1134 2321 1064 2310 1042 2324 1014 2310 991 2324 871 2310 840 2324 773 2310 753 2321 655 2310 605 2318 585 2307"/></Shape>
	    <String CONTENT="la loi à Scherpereel la somme de trente six francs à titre "
                    HPOS="582"
                    VPOS="2248"
                    WIDTH="1504"
                    HEIGHT="76"></String>
          </TextLine>

          
          
          <TextLine ID="r5l32"
                    
                    BASELINE="585 2376 658 2376 732 2377 805 2378 879 2378 952 2378 1026 2378 1099 2378 1173 2379 1246 2379 1320 2379 1393 2379 1467 2379 1540 2379 1614 2379 1687 2380 1761 2380 1834 2381 1908 2382 1981 2383 2055 2384" 
                    HPOS="582"
                    VPOS="2318"
                    WIDTH="1471"
                    HEIGHT="76">
            <Shape><Polygon POINTS="582 2374 585 2329 605 2318 652 2346 697 2324 714 2338 750 2329 767 2346 817 2343 851 2318 879 2340 902 2324 949 2343 980 2332 1042 2346 1061 2332 1078 2349 1229 2349 1263 2332 1285 2349 1325 2349 1367 2321 1462 2321 1495 2349 1560 2349 1579 2335 1624 2352 1720 2340 1759 2352 1798 2324 1932 2324 1963 2352 2044 2346 2053 2382 2044 2394 2030 2382 1904 2382 1893 2394 1871 2382 1801 2394 1610 2394 1599 2382 1560 2394 1507 2380 1473 2391 1420 2380 1313 2380 1302 2391 1081 2391 1050 2380 585 2385"/></Shape>
	    <String CONTENT="de réparation du dommage qu&#x27;il lui a causé en le congédiant "
                    HPOS="582"
                    VPOS="2318"
                    WIDTH="1471"
                    HEIGHT="76"></String>
          </TextLine>

          
          
          <TextLine ID="r5l33"
                    
                    BASELINE="588 2445 663 2446 738 2447 813 2447 888 2447 963 2447 1038 2447 1113 2447 1188 2447 1263 2447 1338 2447 1413 2448 1488 2448 1563 2448 1638 2449 1713 2450 1788 2451 1863 2453 1938 2455 2013 2457 2088 2459" 
                    HPOS="585"
                    VPOS="2394"
                    WIDTH="1501"
                    HEIGHT="86">
            <Shape><Polygon POINTS="585 2444 588 2399 602 2408 630 2394 680 2416 778 2394 812 2408 860 2396 876 2410 924 2396 1002 2396 1039 2419 1165 2419 1193 2408 1210 2422 1260 2422 1291 2399 1344 2399 1400 2422 1434 2399 1470 2399 1493 2422 1512 2405 1540 2416 1560 2402 1605 2402 1627 2424 1649 2424 1672 2402 1742 2402 1790 2427 1837 2427 1862 2413 1916 2427 1958 2408 2016 2427 2078 2427 2086 2458 2019 2478 1997 2455 1972 2469 1958 2458 1781 2455 1739 2480 1652 2480 1627 2455 1607 2466 1591 2452 1512 2469 1470 2452 1411 2464 1397 2450 1341 2450 1319 2466 1190 2452 1162 2475 1112 2475 1075 2450 1002 2475 963 2452 913 2461 893 2447 848 2472 770 2472 750 2452 736 2464 700 2452 661 2472 588 2466"/></Shape>
	    <String CONTENT="tout à coup contrairement à l&#x27;usage et l&#x27;équité qui veulent que "
                    HPOS="585"
                    VPOS="2394"
                    WIDTH="1501"
                    HEIGHT="86"></String>
          </TextLine>

          
          
          <TextLine ID="r5l34"
                    
                    BASELINE="573 2515 648 2516 723 2517 798 2518 873 2519 948 2519 1023 2520 1098 2520 1173 2520 1248 2521 1324 2521 1399 2521 1474 2521 1549 2522 1624 2522 1699 2523 1774 2524 1849 2525 1924 2527 1999 2529 2075 2531" 
                    HPOS="571"
                    VPOS="2461"
                    WIDTH="1501"
                    HEIGHT="87">
            <Shape><Polygon POINTS="571 2514 577 2464 602 2486 644 2486 689 2461 750 2461 784 2486 865 2472 918 2489 1134 2489 1159 2475 1170 2486 1190 2475 1224 2480 1240 2466 1313 2492 1336 2492 1361 2466 1425 2466 1445 2486 1495 2486 1512 2469 1641 2469 1669 2494 1728 2494 1767 2469 1790 2492 1812 2494 1876 2478 1902 2497 1930 2497 1952 2480 1974 2497 2067 2486 2072 2528 2064 2539 1846 2531 1787 2548 1739 2525 1691 2542 1672 2525 1627 2525 1605 2545 1493 2542 1462 2528 1375 2536 1361 2522 1336 2542 1257 2542 1240 2525 1215 2534 1193 2522 1086 2534 1072 2520 1022 2534 963 2525 952 2536 896 2536 857 2520 787 2525 775 2536 722 2522 652 2536 630 2522 574 2525"/></Shape>
	    <String CONTENT="les fabricants comme ceux qu&#x27;ils emploient se préviennent un certain "
                    HPOS="571"
                    VPOS="2461"
                    WIDTH="1501"
                    HEIGHT="87"></String>
          </TextLine>

          
          
          <TextLine ID="r5l35"
                    
                    BASELINE="587 2586 660 2587 733 2589 806 2589 880 2590 953 2590 1026 2591 1099 2591 1173 2591 1246 2591 1319 2591 1392 2591 1466 2591 1539 2592 1612 2592 1685 2593 1759 2593 1832 2594 1905 2596 1978 2597 2052 2599" 
                    HPOS="585"
                    VPOS="2531"
                    WIDTH="1465"
                    HEIGHT="87">
            <Shape><Polygon POINTS="585 2584 588 2548 644 2553 663 2534 708 2553 753 2534 801 2531 831 2553 907 2556 935 2531 1014 2531 1030 2542 1050 2531 1179 2531 1249 2534 1274 2559 1333 2559 1364 2536 1397 2534 1431 2559 1453 2550 1470 2562 1675 2562 1697 2539 1725 2562 1748 2562 1776 2539 1860 2539 1888 2562 1983 2564 2008 2539 2042 2539 2050 2598 2002 2615 1988 2601 1955 2601 1935 2618 1896 2618 1876 2601 1862 2609 1759 2595 1683 2595 1669 2606 1655 2595 1593 2595 1579 2609 1543 2612 1523 2595 1470 2604 1423 2592 1294 2609 1271 2595 1252 2609 1179 2592 1126 2592 1092 2606 1042 2590 1028 2601 949 2595 935 2609 916 2598 890 2609 871 2592 848 2606 756 2606 739 2592 708 2606 588 2598"/></Shape>
	    <String CONTENT="laps de temps à l&#x27;avance lorsqu&#x27;ils sont pour se quitter ; Le "
                    HPOS="585"
                    VPOS="2531"
                    WIDTH="1465"
                    HEIGHT="87"></String>
          </TextLine>

          
          
          <TextLine ID="r5l36"
                    
                    BASELINE="573 2654 649 2655 725 2656 802 2657 878 2657 955 2657 1031 2658 1108 2658 1184 2659 1261 2659 1337 2660 1413 2660 1490 2661 1566 2662 1643 2663 1719 2665 1796 2666 1872 2668 1949 2670 2025 2673 2102 2676" 
                    HPOS="571"
                    VPOS="2598"
                    WIDTH="1529"
                    HEIGHT="92">
            <Shape><Polygon POINTS="571 2651 577 2609 602 2598 644 2620 745 2612 787 2623 868 2623 882 2609 927 2623 941 2609 980 2615 1000 2601 1047 2620 1064 2604 1165 2598 1184 2620 1201 2606 1254 2615 1268 2629 1333 2612 1392 2623 1420 2609 1442 2632 1509 2632 1540 2606 1571 2634 1644 2606 1669 2620 1694 2606 1736 2606 1871 2609 1899 2637 1963 2640 2022 2612 2050 2640 2095 2640 2100 2674 2092 2688 2053 2690 2011 2674 1958 2685 1893 2671 1840 2671 1812 2688 1720 2688 1663 2685 1641 2668 1619 2682 1588 2668 1529 2676 1521 2665 1473 2682 1395 2665 1344 2674 1336 2662 1302 2679 1252 2662 1184 2671 1137 2660 1103 2674 1084 2660 1039 2671 885 2660 851 2674 803 2662 775 2674 750 2657 641 2671 574 2662"/></Shape>
	    <String CONTENT="condamne en outre aux dépens taxés et liquidés envers le demandeur "
                    HPOS="571"
                    VPOS="2598"
                    WIDTH="1529"
                    HEIGHT="92"></String>
          </TextLine>

          
          
          <TextLine ID="r5l37"
                    
                    BASELINE="577 2720 652 2722 727 2723 803 2724 878 2725 953 2726 1029 2726 1104 2727 1179 2727 1255 2728 1330 2728 1405 2729 1481 2730 1556 2730 1631 2732 1707 2733 1782 2735 1857 2737 1933 2739 2008 2742 2084 2745" 
                    HPOS="574"
                    VPOS="2665"
                    WIDTH="1507"
                    HEIGHT="95">
            <Shape><Polygon POINTS="574 2718 577 2688 627 2690 661 2665 745 2665 787 2693 812 2682 845 2693 876 2676 918 2696 952 2696 977 2671 1030 2679 1047 2696 1092 2688 1106 2699 1162 2699 1196 2685 1229 2696 1252 2676 1305 2699 1358 2676 1389 2699 1437 2679 1504 2704 1554 2704 1577 2682 1652 2682 1680 2702 1781 2710 1806 2688 1871 2685 1896 2704 1932 2690 1955 2710 2005 2713 2050 2690 2072 2702 2081 2744 2028 2755 2002 2741 1930 2744 1890 2760 1784 2760 1759 2741 1714 2746 1680 2735 1647 2744 1546 2732 1484 2749 1459 2735 1333 2732 1288 2746 1170 2730 1098 2749 1058 2727 1000 2741 986 2730 829 2727 773 2744 728 2727 686 2741 605 2741 577 2724"/></Shape>
	    <String CONTENT="à la somme de un franc, et à celle due au Trésor Public, pour le "
                    HPOS="574"
                    VPOS="2665"
                    WIDTH="1507"
                    HEIGHT="95"></String>
          </TextLine>

          
          
          <TextLine ID="r5l38"
                    
                    BASELINE="566 2791 641 2792 717 2792 793 2792 869 2793 945 2793 1020 2793 1096 2794 1172 2795 1248 2795 1324 2796 1399 2797 1475 2799 1551 2800 1627 2802 1703 2803 1778 2806 1854 2808 1930 2811 2006 2813 2082 2817" 
                    HPOS="565"
                    VPOS="2732"
                    WIDTH="1516"
                    HEIGHT="96">
            <Shape><Polygon POINTS="565 2788 571 2755 605 2741 621 2755 750 2758 792 2738 826 2744 848 2732 888 2758 913 2735 941 2752 974 2744 988 2755 1089 2738 1117 2755 1156 2744 1170 2760 1282 2741 1339 2760 1409 2749 1437 2769 1476 2772 1507 2752 1537 2772 1579 2746 1624 2746 1658 2763 1677 2749 1717 2774 1778 2777 1865 2777 1902 2752 1969 2755 1994 2777 2050 2763 2075 2772 2081 2816 2064 2828 1972 2816 1955 2828 1916 2814 1879 2828 1776 2808 1647 2822 1619 2805 1579 2805 1557 2822 1476 2822 1456 2802 1434 2819 1378 2819 1322 2800 1212 2808 1156 2797 1134 2811 983 2794 904 2808 860 2797 722 2808 708 2794 683 2805 568 2805"/></Shape>
	    <String CONTENT="papier timbré de la présente minute, conformément à la loi du "
                    HPOS="565"
                    VPOS="2732"
                    WIDTH="1516"
                    HEIGHT="96"></String>
          </TextLine>

          
          
          <TextLine ID="r5l39"
                    
                    BASELINE="555 2858 631 2859 707 2860 783 2861 860 2862 936 2863 1012 2864 1088 2864 1165 2865 1241 2866 1317 2868 1393 2869 1470 2870 1546 2872 1622 2873 1698 2875 1775 2878 1851 2880 1927 2882 2003 2885 2080 2889" 
                    HPOS="554"
                    VPOS="2802"
                    WIDTH="1524"
                    HEIGHT="107">
            <Shape><Polygon POINTS="554 2856 560 2822 613 2802 638 2802 655 2819 680 2811 697 2825 753 2808 773 2822 789 2811 826 2828 843 2811 935 2808 983 2830 1039 2811 1061 2830 1081 2822 1103 2833 1184 2833 1207 2814 1221 2825 1302 2816 1344 2836 1400 2819 1437 2836 1518 2842 1549 2842 1563 2828 1638 2842 1655 2830 1683 2839 1700 2825 1714 2836 1792 2825 1910 2828 1935 2850 1972 2833 2000 2850 2030 2830 2072 2853 2078 2886 2070 2900 2033 2889 1991 2906 1958 2886 1921 2909 1804 2909 1759 2906 1705 2881 1677 2889 1661 2878 1635 2895 1613 2878 1523 2875 1462 2875 1417 2900 1386 2900 1339 2872 1308 2878 1288 2898 1254 2898 1212 2872 1140 2886 1123 2870 1084 2878 1039 2867 1016 2886 994 2867 932 2864 904 2864 890 2878 820 2870 806 2881 784 2867 753 2886 697 2886 672 2864 633 2864 613 2884 557 2884"/></Shape>
	    <String CONTENT="sept août mil huit cent cinquante, ence, non compris le coût du présent "
                    HPOS="554"
                    VPOS="2802"
                    WIDTH="1524"
                    HEIGHT="107"></String>
          </TextLine>

          
          
          <TextLine ID="r5l40"
                    
                    BASELINE="560 2930 634 2930 709 2930 784 2931 859 2931 934 2932 1009 2932 1083 2933 1158 2934 1233 2936 1308 2937 1383 2939 1458 2941 1533 2943 1607 2945 1682 2947 1757 2950 1832 2953 1907 2956 1982 2959 2057 2962" 
                    HPOS="557"
                    VPOS="2881"
                    WIDTH="1499"
                    HEIGHT="112">
            <Shape><Polygon POINTS="557 2928 563 2898 593 2886 624 2900 747 2903 778 2889 815 2903 840 2881 862 2881 969 2906 994 2884 1106 2884 1240 2886 1271 2914 1308 2889 1353 2889 1369 2906 1397 2900 1425 2914 1453 2895 1515 2909 1546 2895 1571 2920 1613 2903 1652 2923 1708 2923 1742 2898 1787 2926 1832 2914 1904 2926 1927 2909 1952 2928 2050 2928 2056 2959 1988 2993 1921 2993 1818 2990 1773 2951 1742 2962 1720 2948 1675 2970 1647 2945 1563 2959 1537 2951 1521 2962 1504 2942 1470 2962 1425 2948 1395 2965 1350 2940 1302 2954 1226 2940 1196 2954 1159 2940 1067 2959 1039 2937 960 2970 918 2931 879 2948 817 2931 753 2959 722 2945 703 2951 683 2934 663 2951 585 2934 560 2956"/></Shape>
	    <String CONTENT="jugement, la signification d&#x27;icelui et ses suites. Ainsi jugé "
                    HPOS="557"
                    VPOS="2881"
                    WIDTH="1499"
                    HEIGHT="112"></String>
          </TextLine>

          
          
          <TextLine ID="r5l41"
                    
                    BASELINE="558 2998 596 2998 635 2998 674 2998 713 2999 752 2999 791 3000 830 3001 869 3001 908 3002 947 3003 985 3004 1024 3004 1063 3005 1102 3006 1141 3006 1180 3007 1219 3007 1258 3007 1297 3007 1336 3007" 
                    HPOS="557"
                    VPOS="2954"
                    WIDTH="776"
                    HEIGHT="84">
            <Shape><Polygon POINTS="557 2996 560 2962 588 2954 638 2965 672 2954 689 2968 708 2956 722 2970 795 2956 823 2973 910 2973 927 2962 963 2973 991 2956 1014 2973 1042 2973 1075 2956 1120 2976 1176 2959 1210 2970 1277 2959 1305 2976 1325 2959 1333 3004 1325 3018 1297 3007 1257 3024 1240 3010 1204 3021 1168 3012 1148 3032 1081 3010 1050 3038 960 3038 910 3004 831 3029 809 3012 798 3024 756 3004 711 3012 700 3001 641 3035 560 3024"/></Shape>
	    <String CONTENT="les jours mois et an que dessus. "
                    HPOS="557"
                    VPOS="2954"
                    WIDTH="776"
                    HEIGHT="84"></String>
          </TextLine>

          
        </TextBlock>
        
      </PrintSpace>
    </Page>
  </Layout>
</alto>
