2154 3344
569 172 1515 89 portant règlement pour les conseils de Prud'hommes ; Donne

588 264 1482 75 défaut contre Foncier non comparant ni personne pour lui

566 331 1473 78 quoique dument appelé ; et adjugeant le profit du dit

591 398 1420 81 défaut ; Condamne Foncier à payer avec intérêts

552 468 1476 83 suivant la loi à Courcelles la somme de cent soixante

552 546 1515 78 sept francs qu'il lui doit pour salaire plus une indemnité

577 618 1470 75 de six francs pour temps perdu ; Le condamne en outre

566 688 1515 78 aux dépens taxés et liquidés envers le demandeur à la somme

577 749 1487 95 de un franc, et à celle dûe au Trésor Public, pour le papier

569 822 1462 86 timbré de la présente minute, conformément à la loi du sept

566 894 1512 84 Août mil huit cent cinquante, ence, non compris le coût du

566 966 1465 73 présent jugement la signification d'icelui et ses suites .

560 1031 1496 80 Et vu les articles 435 du code de procèdure civile 27 et 42

566 1103 1504 89 du décret du onze Juin 1809, pour signifier au défendeur

569 1181 1498 78 le présent jugement, commet Minaud, l'un de ses huissiers

577 1245 1395 106 audienciers. Ainsi jugé les jours mois et an que dessus.

552 1390 533 81 Lecucq secrétaire

806 1875 893 89 — Dudit jour dix-sept Janvier —

544 1950 1470 73 Entre Madame veuve Guillon, ouvrière, demeurant à

521 2014 1440 81 Paris, rue Linné, numéro onze ; Demanderesse ;

507 2081 1546 92 Comparant ; D'une part ; Et Monsieur Comtat, fabricant

544 2159 1467 75 capitonneur, demeurant et domicilié à Paris, rue

521 2234 1493 81 Beranger, numéro neuf ; Défendeur ; Défaillant ;

535 2301 1499 81 D'autre part ; Point de fait = Par lettres du secrétaire du

524 2377 1549 75 Conseil de Prud'hommes du Département de la seine pour

532 2443 1594 84 l'industrie des tissus en dates des Mercredi neuf et vendredi

538 2521 1579 78 onze Janvier mil huit cent soixante dix huit la veuve Guillon

549 2591 1532 81 fit citer Comtat à comparaître par devant le dit Conseil de

527 2658 1548 81 Prud'hommes séant en Bureau Particuliers les Vendredi

538 2730 1560 81 onze et Lundi quatorze janvier mil huit cent soixante dix

544 2803 1517 70 huit pour se concilier si faire se pouvait sur la demande

535 2870 1554 81 qu'elle entendait former contre lui devant le dit conseil en paiement

552 2939 1518 78 de la somme de Cinquante franc qu'il lui doit pour prix

558 3004 1534 94 de travaux qu'elle a exécutés pour son compte et d'après ses ordres.

532 3087 1527 95 Comtat n'ayant pas comparut la cause fut renvoyée devant le
