2324 3312
579 138 1612 132 dans les travaux livraison des commandes, causes qui ont motivé

587 220 1590 125 le laisser pour compte, et s'entend recondamner aux devant de

598 303 1571 105 la première comme de la présente instance. A l'appel de la

593 378 1559 105 cause Foucher ne comparut pas. De son coté Stozicky

590 469 1584 96 se présenta et conclut à ce qu'il plut au Bureau Général du Conseil

607 540 1562 105 donner défaut contre Foucher non comparant ni personne

598 623 1585 94 pour lui quoique dument appelé, et pour le profit, en la forme le

593 695 1573 86 recevoir en son opposition au jugement rendu contre lui le vingt

590 778 1579 72 Décembre mil huit cent soixante dix sept enregistré, ordonner

574 847 1598 94 l'exécution pure et simple de ce jugement et condamner Foucher

598 921 1576 83 aux dépens. Point de droit = Doit-on donner défaut contre Foucher

582 1010 1554 71 non comparant ni personne pour lui quoique dument appelé et

582 1068 1504 96 pour le profit adjuger à Stozicky les conclusions par lui

596 1145 1592 85 précédemment prises ? Que doit-il être statué à l'égard des dépens ?

587 1225 1582 88 Après avoir entendu Stozicky en ses demandes et conclusions et en

615 1294 1579 86 avoir délibéré conformément à la loi ; Attendu que Foucher ne

607 1368 1548 89 comparait pas ni personne pour lui pour soutenir les motifs à

598 1443 1549 83 l'appui de son opposition ; Que cette non comparution doit

615 1518 1554 85 être considérée comme un abandon de la dite opposition ;

593 1595 1565 77 Par ces motifs = Le Bureau Général jugeant en premier

593 1656 1595 107 ressort ; Donne défaut contre Foucher non comparant ni personne

626 1727 1529 100 pour lui quoique dument appelé ; Et adjugeant le profit du dit

612 1802 1568 102 défaut ; En la forme reçoit Foucher en son opposition au jugement

609 1874 1571 91 rendu contre lui le vingt Décembre mil huit cent soixante dix

618 1940 1562 105 sept, l'en déboute comme mal fondé en icelle ; Ordonne l'exécution

615 2017 1557 97 pure et simple de ce jugement et condamne Foucher aux dépens

612 2083 1546 111 taxés et liquidés envers le Trésor Public, à la somme de deux francs

623 2166 1576 99 quinze centimes pour le papier timbré et l'enregistrement de la p

571 2230 1617 113 position, conformément à la loi du sept août mil huit cent cinquante

593 2304 1592 124 ence, non compris le coût du présent jugement, la signification d'icelui

598 2395 1345 105 et ses suites. Ainsi jugé les jour mois et an que dessus.

612 2550 649 80 Lecucq secrétaire
