<?xml version="1.0" encoding="UTF-8"?>
<alto xmlns:xsi="http://www.w3.org/2001/XMLSchema-instance"
      xmlns="http://www.loc.gov/standards/alto/ns-v4#"
      xsi:schemaLocation="http://www.loc.gov/standards/alto/ns-v4# http://www.loc.gov/standards/alto/v4/alto-4-2.xsd">
  <Description>
    <MeasurementUnit>pixel</MeasurementUnit>
    <sourceImageInformation>
      <fileName>IMG_20190620_122327.jpg</fileName>
      
    </sourceImageInformation>
  </Description>
  
  <Tags>
    <OtherTag ID="BT4" LABEL="Illustration" DESCRIPTION="block type Illustration"/><OtherTag ID="BT3" LABEL="Commentary" DESCRIPTION="block type Commentary"/><OtherTag ID="BT2" LABEL="Main" DESCRIPTION="block type Main"/><OtherTag ID="BT1" LABEL="Title" DESCRIPTION="block type Title"/>
    
  </Tags>
  
  <Layout>
    <Page WIDTH="1864"
          HEIGHT="2948"
          PHYSICAL_IMG_NR="14"
          ID="eSc_dummypage_">
      <PrintSpace HPOS="0"
                  VPOS="0"
                  WIDTH="1864"
                  HEIGHT="2948">
        
        <TextBlock HPOS="1463"
                   VPOS="39"
                   WIDTH="66"
                   HEIGHT="56"
                   ID="eSc_textblock_50934b7a"
                   >
          <Shape><Polygon POINTS="1473 39 1509 39 1529 85 1463 95 1473 39"/></Shape>
          
        </TextBlock>
        
        <TextBlock HPOS="285"
                   VPOS="88"
                   WIDTH="1480"
                   HEIGHT="2739"
                   ID="eSc_textblock_6a2cfd7b"
                   >
          <Shape><Polygon POINTS="413 88 1549 127 1736 176 1765 2591 1726 2749 872 2827 413 2807 383 1896 351 1876 331 2090 285 1962 295 1867 373 1805 334 1739 403 1609 403 1228 381 1166 314 1186 304 1159 393 1127 363 963 413 88"/></Shape>
          
        </TextBlock>
        
        <TextBlock HPOS="167"
                   VPOS="1591"
                   WIDTH="17"
                   HEIGHT="27"
                   ID="eSc_textblock_3f4f6638"
                   >
          <Shape><Polygon POINTS="177 1591 184 1618 167 1618 167 1601 177 1591"/></Shape>
          
        </TextBlock>
        
        <TextBlock HPOS="216"
                   VPOS="1739"
                   WIDTH="7"
                   HEIGHT="37"
                   ID="eSc_textblock_7e5a91b7"
                   >
          <Shape><Polygon POINTS="216 1739 223 1739 223 1776 216 1776 216 1739"/></Shape>
          
        </TextBlock>
        
        <TextBlock HPOS="29"
                   VPOS="1837"
                   WIDTH="302"
                   HEIGHT="597"
                   ID="eSc_textblock_3e2005ec"
                   >
          <Shape><Polygon POINTS="206 1837 223 1982 282 2093 243 2218 322 2260 331 2346 312 2385 226 2346 233 2395 177 2355 174 2395 78 2434 29 2375 29 2004 127 1916 174 1935 206 1837"/></Shape>
          
        </TextBlock>
        
        <TextBlock HPOS="255"
                   VPOS="2466"
                   WIDTH="57"
                   HEIGHT="135"
                   ID="eSc_textblock_41c2b5e1"
                   >
          <Shape><Polygon POINTS="285 2466 312 2562 265 2601 255 2515 285 2466"/></Shape>
          
        </TextBlock>
        
        <TextBlock HPOS="137"
                   VPOS="2505"
                   WIDTH="37"
                   HEIGHT="106"
                   ID="eSc_textblock_e86fa26a"
                   >
          <Shape><Polygon POINTS="157 2505 174 2601 147 2611 137 2525 157 2505"/></Shape>
          
        </TextBlock>
        
        <TextBlock HPOS="206"
                   VPOS="2515"
                   WIDTH="27"
                   HEIGHT="47"
                   ID="eSc_textblock_2b894b38"
                   >
          <Shape><Polygon POINTS="216 2515 233 2525 223 2562 206 2552 216 2515"/></Shape>
          
        </TextBlock>
        
        <TextBlock HPOS="216"
                   VPOS="2574"
                   WIDTH="17"
                   HEIGHT="17"
                   ID="eSc_textblock_2aee4281"
                   >
          <Shape><Polygon POINTS="216 2574 233 2574 233 2591 216 2591 216 2574"/></Shape>
          
        </TextBlock>
        

        
        <TextBlock ID="eSc_dummyblock_">
          
          
          <TextLine ID="r2l2"
                    
                    BASELINE="407 137 472 139 537 141 602 144 667 147 732 151 797 155 863 160 928 164 993 169 1058 174 1123 179 1188 183 1253 187 1319 191 1384 194 1449 197 1514 199 1579 200 1644 200 1710 200" 
                    HPOS="405"
                    VPOS="90"
                    WIDTH="1304"
                    HEIGHT="126">
            <Shape><Polygon POINTS="405 135 410 108 469 110 506 90 536 113 595 115 614 105 646 108 659 120 715 95 858 98 890 100 941 132 995 135 1025 117 1059 140 1121 137 1158 115 1207 117 1251 147 1310 152 1352 147 1384 125 1431 137 1458 132 1477 152 1519 159 1559 132 1652 137 1674 152 1704 152 1709 198 1701 213 1632 206 1620 216 1556 216 1522 213 1507 198 1379 201 1340 191 1308 203 1180 189 1158 196 1136 186 1008 189 978 174 956 184 936 174 924 184 853 162 823 171 799 159 666 162 651 152 602 162 577 149 484 154 452 142 408 159"/></Shape>
	    <String CONTENT="en paiement de la somme de cent vingt francs qu&#x27;il lui doit pour "
                    HPOS="405"
                    VPOS="90"
                    WIDTH="1304"
                    HEIGHT="126"></String>
          </TextLine>

          
          
          <TextLine ID="r2l3"
                    
                    BASELINE="404 209 469 209 535 210 601 212 666 215 732 218 798 222 863 226 929 231 995 235 1061 240 1126 245 1192 249 1258 253 1323 257 1389 260 1455 263 1520 266 1586 267 1652 268 1718 267" 
                    HPOS="403"
                    VPOS="157"
                    WIDTH="1313"
                    HEIGHT="130">
            <Shape><Polygon POINTS="403 208 408 181 474 186 506 157 526 157 568 189 639 194 656 194 695 167 752 167 791 169 821 186 897 174 927 189 981 176 1003 201 1035 186 1064 203 1118 184 1155 216 1185 208 1227 218 1263 191 1305 221 1379 226 1490 198 1551 233 1573 233 1605 213 1630 235 1672 226 1684 238 1711 238 1716 265 1709 287 1682 277 1664 287 1650 270 1625 282 1568 267 1546 282 1512 265 1455 270 1418 260 1394 275 1367 260 1320 272 1276 260 1148 265 1037 255 1015 240 978 257 917 238 853 240 841 230 809 250 789 228 747 226 469 226 459 216 405 230"/></Shape>
	    <String CONTENT="salaire. A l&#x27;appel de la cause le sept Janvier Roussel n&#x27;ayant "
                    HPOS="403"
                    VPOS="157"
                    WIDTH="1313"
                    HEIGHT="130"></String>
          </TextLine>

          
          
          <TextLine ID="r2l4"
                    
                    BASELINE="420 275 484 274 549 274 614 276 679 277 744 280 808 284 873 287 938 291 1003 296 1068 301 1132 305 1197 310 1262 314 1327 319 1392 322 1456 325 1521 328 1586 330 1651 330 1716 330" 
                    HPOS="418"
                    VPOS="228"
                    WIDTH="1295"
                    HEIGHT="120">
            <Shape><Polygon POINTS="418 272 422 243 447 228 484 250 572 233 585 248 624 235 676 238 722 260 791 262 809 253 877 265 895 248 922 248 1003 265 1022 253 1037 267 1050 255 1079 255 1121 277 1207 282 1229 282 1261 262 1281 265 1300 284 1335 267 1369 267 1384 284 1431 280 1450 292 1473 280 1487 294 1514 280 1541 282 1549 294 1657 280 1682 302 1709 302 1713 329 1706 348 1691 348 1682 339 1546 343 1522 329 1480 336 1465 326 1384 336 1372 321 1263 329 1204 314 1165 326 1118 309 1091 319 1013 304 995 314 959 297 934 307 922 294 870 302 841 292 823 302 809 289 772 297 695 284 585 302 560 287 538 292 523 277 494 289 462 277 420 294"/></Shape>
	    <String CONTENT="pas comparu le quatre dudit mois, Pierre se présenta et exposa "
                    HPOS="418"
                    VPOS="228"
                    WIDTH="1295"
                    HEIGHT="120"></String>
          </TextLine>

          
          
          <TextLine ID="r2l5"
                    
                    BASELINE="409 344 472 343 535 342 599 343 662 344 725 346 789 349 852 353 915 356 979 360 1042 365 1105 369 1169 374 1232 378 1295 381 1359 384 1422 387 1485 389 1549 391 1612 391 1676 390" 
                    HPOS="408"
                    VPOS="299"
                    WIDTH="1266"
                    HEIGHT="111">
            <Shape><Polygon POINTS="408 343 413 307 435 299 489 321 541 311 565 324 609 311 649 321 671 302 732 316 831 307 855 334 872 334 900 309 959 311 976 329 1005 314 1045 341 1086 329 1126 336 1145 319 1163 329 1236 321 1261 348 1283 348 1305 326 1354 351 1421 339 1436 353 1455 341 1465 351 1534 358 1566 341 1588 358 1664 358 1674 388 1667 402 1637 397 1605 410 1566 395 1536 410 1448 390 1418 405 1350 395 1325 402 1300 388 1271 400 1192 397 1172 383 1145 395 1111 375 1045 383 1037 373 976 373 968 363 959 373 922 363 912 370 887 358 843 358 833 368 818 356 764 363 754 353 742 363 730 353 713 366 691 351 627 358 619 348 580 348 536 368 467 343 442 353 410 346"/></Shape>
	    <String CONTENT="comme cidessus. De son coté Roussel se présenta et "
                    HPOS="408"
                    VPOS="299"
                    WIDTH="1266"
                    HEIGHT="111"></String>
          </TextLine>

          
          
          <TextLine ID="r2l6"
                    
                    BASELINE="415 411 478 409 541 408 604 408 668 409 731 411 794 414 858 417 921 421 984 425 1048 429 1111 433 1174 437 1237 441 1301 445 1364 448 1427 451 1491 453 1554 455 1617 455 1681 455" 
                    HPOS="413"
                    VPOS="366"
                    WIDTH="1266"
                    HEIGHT="103">
            <Shape><Polygon POINTS="413 410 418 370 432 368 477 380 509 366 550 366 585 388 619 375 641 393 695 370 735 373 752 390 777 375 801 388 818 375 843 388 877 378 909 395 934 380 1047 383 1074 397 1118 385 1145 395 1177 388 1200 412 1310 415 1345 400 1362 417 1470 412 1492 422 1514 412 1541 425 1586 425 1610 405 1630 427 1672 427 1679 454 1620 469 1608 459 1593 469 1539 469 1514 456 1404 464 1374 452 1330 461 1320 449 1288 459 1202 444 1064 452 1045 437 1022 449 902 425 875 442 833 422 715 420 698 429 686 417 555 422 501 412 462 429 435 410 415 420"/></Shape>
	    <String CONTENT="exposa au Conseil qu&#x27;il doit la somme reclamée et ne peut "
                    HPOS="413"
                    VPOS="366"
                    WIDTH="1266"
                    HEIGHT="103"></String>
          </TextLine>

          
          
          <TextLine ID="r2l7"
                    
                    BASELINE="415 479 479 478 543 477 607 477 671 479 735 481 799 483 863 486 927 490 991 493 1056 498 1120 501 1184 505 1248 509 1312 513 1376 516 1440 518 1504 520 1568 522 1632 522 1697 522" 
                    HPOS="413"
                    VPOS="427"
                    WIDTH="1283"
                    HEIGHT="113">
            <Shape><Polygon POINTS="413 476 418 427 531 429 590 454 609 447 639 456 673 444 705 459 727 444 747 459 767 449 818 459 843 439 897 442 917 461 941 449 998 469 1045 447 1089 471 1118 471 1160 452 1209 474 1241 454 1271 454 1345 481 1364 481 1384 461 1431 461 1458 483 1559 488 1630 488 1652 469 1691 469 1696 520 1689 530 1630 535 1600 525 1581 540 1554 525 1519 535 1507 523 1468 530 1450 518 1413 533 1404 523 1369 530 1359 520 1281 530 1261 515 1200 528 1153 525 1121 503 1086 508 1074 498 1025 515 954 493 877 491 848 503 821 491 627 481 560 493 548 479 518 479 486 501 415 501"/></Shape>
	    <String CONTENT="la payer en ce moment ni même prendre d&#x27;engagement "
                    HPOS="413"
                    VPOS="427"
                    WIDTH="1283"
                    HEIGHT="113"></String>
          </TextLine>

          
          
          <TextLine ID="r2l8"
                    
                    BASELINE="431 544 494 543 558 544 622 545 686 546 750 548 813 551 877 554 941 556 1005 560 1069 563 1132 566 1196 570 1260 573 1324 576 1388 580 1451 582 1515 585 1579 587 1643 588 1707 589" 
                    HPOS="430"
                    VPOS="491"
                    WIDTH="1276"
                    HEIGHT="118">
            <Shape><Polygon POINTS="430 542 435 508 442 518 469 518 499 491 572 501 595 518 627 496 649 496 695 525 725 525 759 501 784 501 799 518 836 503 865 520 885 506 932 506 954 508 988 535 1113 530 1148 542 1227 535 1300 545 1347 523 1367 542 1413 545 1441 525 1473 540 1497 525 1541 555 1682 560 1701 545 1706 587 1689 609 1662 594 1652 601 1608 592 1591 601 1576 587 1527 599 1458 584 1426 599 1413 589 1404 599 1359 599 1332 582 1283 592 1266 577 1232 587 1202 574 1170 584 1131 572 1104 579 1069 565 1042 577 1018 565 986 572 961 562 944 572 912 560 885 572 821 557 799 579 745 577 715 552 646 562 619 550 592 572 504 569 432 545"/></Shape>
	    <String CONTENT="sérieux pour la payer. La cause en état fut renvoyée "
                    HPOS="430"
                    VPOS="491"
                    WIDTH="1276"
                    HEIGHT="118"></String>
          </TextLine>

          
          
          <TextLine ID="r2l9"
                    
                    BASELINE="435 613 498 612 562 611 626 611 690 612 754 614 817 616 881 619 945 621 1009 624 1073 628 1136 631 1200 634 1264 637 1328 641 1392 644 1455 646 1519 648 1583 650 1647 651 1711 651" 
                    HPOS="432"
                    VPOS="565"
                    WIDTH="1277"
                    HEIGHT="103">
            <Shape><Polygon POINTS="432 611 437 577 457 582 477 565 501 584 545 589 597 579 609 567 636 569 654 587 673 569 720 572 762 594 791 594 811 574 868 574 929 577 973 596 998 582 1018 601 1050 589 1077 604 1113 584 1136 601 1200 587 1224 609 1310 606 1337 589 1367 611 1411 614 1448 592 1465 611 1495 601 1507 616 1559 619 1605 599 1630 621 1701 621 1709 648 1682 665 1654 655 1630 665 1608 653 1586 665 1539 668 1524 653 1502 651 1475 665 1453 651 1418 648 1399 660 1367 648 1345 663 1209 660 1172 636 1153 646 1106 631 1032 646 1010 628 902 626 875 636 845 626 831 641 777 648 737 621 668 619 641 628 604 619 580 641 541 641 516 614 435 623"/></Shape>
	    <String CONTENT="devant le Bureau Général du conseil séant le Jeudi dix Janvier "
                    HPOS="432"
                    VPOS="565"
                    WIDTH="1277"
                    HEIGHT="103"></String>
          </TextLine>

          
          
          <TextLine ID="r2l10"
                    
                    BASELINE="409 677 473 676 538 676 603 677 668 678 733 679 798 681 863 684 928 687 993 689 1058 692 1122 695 1187 698 1252 701 1317 703 1382 706 1447 708 1512 709 1577 711 1642 712 1707 712" 
                    HPOS="408"
                    VPOS="626"
                    WIDTH="1298"
                    HEIGHT="96">
            <Shape><Polygon POINTS="408 675 420 648 450 653 489 626 533 628 560 655 587 643 644 653 693 633 752 633 781 658 823 643 845 658 880 646 902 665 922 665 963 638 1003 648 1018 641 1040 658 1064 643 1148 643 1197 673 1241 675 1342 678 1359 665 1374 678 1426 678 1450 655 1500 665 1519 653 1549 682 1625 685 1659 668 1674 685 1701 678 1706 709 1699 722 1615 722 1593 712 1522 719 1495 707 1465 717 1401 707 1219 709 1207 700 1150 709 1118 695 1104 705 1057 692 1027 705 1003 692 872 702 848 687 816 700 774 685 683 685 654 695 639 682 595 690 580 680 467 680 447 690 422 680 410 690"/></Shape>
	    <String CONTENT="mil huit cent soixante dix huit. Cité pour le dit jour huit Janvier par "
                    HPOS="408"
                    VPOS="626"
                    WIDTH="1298"
                    HEIGHT="96"></String>
          </TextLine>

          
          
          <TextLine ID="r2l11"
                    
                    BASELINE="423 746 486 744 549 742 612 742 675 742 738 742 801 744 864 745 927 747 990 749 1054 752 1117 755 1180 757 1243 760 1306 762 1369 765 1432 766 1495 768 1558 769 1621 769 1685 769" 
                    HPOS="422"
                    VPOS="690"
                    WIDTH="1262"
                    HEIGHT="96">
            <Shape><Polygon POINTS="422 744 427 700 440 690 506 690 563 709 582 692 624 702 639 692 661 702 801 697 828 714 855 702 870 717 929 702 954 719 976 705 1030 717 1054 700 1121 702 1136 717 1158 705 1212 724 1281 724 1303 707 1327 727 1379 719 1455 729 1490 709 1512 729 1546 729 1556 719 1586 729 1610 714 1623 727 1645 717 1659 732 1679 732 1684 768 1677 786 1647 771 1623 771 1608 786 1586 776 1566 786 1421 768 1308 781 1281 778 1263 761 1209 773 1153 759 1133 768 1121 759 1042 773 927 751 917 761 855 751 732 761 720 749 705 764 597 746 425 756"/></Shape>
	    <String CONTENT="lettre du secrétaire du conseil en date du huit Janvier mil huit "
                    HPOS="422"
                    VPOS="690"
                    WIDTH="1262"
                    HEIGHT="96"></String>
          </TextLine>

          
          
          <TextLine ID="r2l12"
                    
                    BASELINE="423 810 486 809 550 808 613 807 677 807 741 808 804 809 868 810 931 812 995 814 1059 816 1122 818 1186 820 1249 822 1313 825 1377 827 1440 828 1504 830 1567 831 1631 832 1695 832" 
                    HPOS="422"
                    VPOS="754"
                    WIDTH="1272"
                    HEIGHT="93">
            <Shape><Polygon POINTS="422 808 432 768 511 778 541 754 604 756 629 773 673 773 688 761 703 773 752 759 789 773 804 761 843 759 865 761 885 781 917 761 959 771 995 764 1027 788 1079 764 1128 791 1168 783 1207 791 1234 766 1266 766 1291 793 1362 793 1389 768 1406 768 1455 795 1485 776 1554 798 1689 798 1694 830 1662 847 1554 847 1514 832 1450 845 1423 832 1362 840 1352 830 1325 842 1271 842 1249 830 1192 840 1168 827 1086 830 1059 820 961 827 772 815 710 830 691 813 560 813 521 827 481 827 467 813 425 820"/></Shape>
	    <String CONTENT="cent soixante dix huit à la requête de Pierre Roussel ne comparut "
                    HPOS="422"
                    VPOS="754"
                    WIDTH="1272"
                    HEIGHT="93"></String>
          </TextLine>

          
          
          <TextLine ID="r2l13"
                    
                    BASELINE="423 876 487 874 552 873 616 873 681 873 746 874 810 874 875 875 939 877 1004 878 1069 879 1133 881 1198 883 1262 884 1327 886 1391 887 1456 889 1521 890 1585 891 1650 892 1715 893" 
                    HPOS="422"
                    VPOS="825"
                    WIDTH="1291"
                    HEIGHT="79">
            <Shape><Polygon POINTS="422 874 427 837 454 847 501 847 516 835 533 847 582 847 634 825 703 825 759 845 794 825 826 827 843 845 872 827 900 827 924 847 981 854 1018 852 1042 830 1086 830 1113 854 1291 835 1350 852 1406 837 1428 859 1443 850 1468 854 1485 837 1519 854 1539 840 1561 862 1630 862 1677 837 1709 837 1713 891 1647 904 1593 904 1571 889 1549 899 1475 891 1450 901 1354 889 1266 899 1251 886 1236 899 1209 889 1163 899 1121 896 1106 881 1089 891 1057 884 936 894 922 881 875 891 813 879 794 889 777 877 725 891 693 877 668 889 604 874 425 889"/></Shape>
	    <String CONTENT="pas. A l&#x27;appel de la cause Pierre se présenta et conclut à ce qu&#x27;il "
                    HPOS="422"
                    VPOS="825"
                    WIDTH="1291"
                    HEIGHT="79"></String>
          </TextLine>

          
          
          <TextLine ID="r2l14"
                    
                    BASELINE="420 938 485 937 550 935 615 934 681 934 746 934 811 935 877 936 942 937 1007 938 1073 940 1138 941 1203 943 1268 945 1334 947 1399 948 1464 949 1530 950 1595 951 1660 952 1726 952" 
                    HPOS="418"
                    VPOS="886"
                    WIDTH="1305"
                    HEIGHT="79">
            <Shape><Polygon POINTS="418 935 420 901 452 886 491 886 536 906 600 906 619 886 639 886 673 908 727 908 752 889 858 889 892 911 956 891 978 911 1013 901 1025 911 1086 913 1170 913 1182 904 1244 913 1276 904 1303 916 1357 896 1453 906 1500 896 1519 918 1554 918 1568 906 1583 918 1620 918 1640 901 1664 911 1689 899 1716 908 1723 950 1716 965 1696 950 1684 963 1647 953 1598 965 1586 953 1563 965 1507 965 1497 953 1485 963 1401 963 1391 953 1369 963 1298 963 1288 950 1229 960 1187 948 1158 960 1118 948 1074 955 1013 943 983 953 966 943 836 943 826 953 772 943 759 955 703 955 688 940 639 938 420 950"/></Shape>
	    <String CONTENT="plut au Bureau Général du conseil donner défaut contre Roussel "
                    HPOS="418"
                    VPOS="886"
                    WIDTH="1305"
                    HEIGHT="79"></String>
          </TextLine>

          
          
          <TextLine ID="r2l15"
                    
                    BASELINE="417 1004 482 1004 547 1004 612 1004 677 1004 742 1004 807 1004 872 1005 937 1006 1002 1006 1067 1007 1132 1008 1197 1009 1262 1010 1327 1011 1392 1012 1457 1013 1522 1015 1587 1016 1652 1017 1718 1019" 
                    HPOS="415"
                    VPOS="958"
                    WIDTH="1301"
                    HEIGHT="81">
            <Shape><Polygon POINTS="415 1002 418 972 430 965 445 975 597 975 629 960 656 975 740 977 786 958 850 958 890 980 963 980 983 963 1015 972 1143 963 1182 982 1209 980 1224 965 1239 980 1293 982 1310 967 1330 985 1389 985 1423 965 1463 985 1487 970 1504 980 1613 967 1662 987 1699 982 1716 1017 1694 1029 1652 1017 1610 1039 1561 1039 1544 1021 1485 1036 1406 1036 1364 1014 1318 1014 1293 1026 1278 1014 1219 1021 1195 1012 1150 1026 1136 1012 1109 1019 1047 1009 1032 1019 983 1009 956 1031 909 1031 892 1014 872 1009 858 1019 841 1007 801 1029 735 1029 705 1012 651 1017 614 1004 477 1019 464 1009 418 1009"/></Shape>
	    <String CONTENT="non comparant ni personne pour lui quoique dument appelé et pour "
                    HPOS="415"
                    VPOS="958"
                    WIDTH="1301"
                    HEIGHT="81"></String>
          </TextLine>

          
          
          <TextLine ID="r2l16"
                    
                    BASELINE="422 1067 485 1067 549 1068 613 1068 677 1068 741 1068 804 1069 868 1069 932 1069 996 1070 1060 1070 1123 1070 1187 1071 1251 1071 1315 1072 1379 1072 1442 1073 1506 1073 1570 1074 1634 1075 1698 1075" 
                    HPOS="420"
                    VPOS="1017"
                    WIDTH="1276"
                    HEIGHT="78">
            <Shape><Polygon POINTS="420 1066 422 1036 447 1017 518 1019 533 1034 555 1017 622 1017 636 1029 676 1017 688 1029 722 1024 737 1039 816 1029 858 1041 946 1041 959 1029 981 1041 1015 1019 1045 1031 1082 1021 1101 1036 1131 1019 1163 1041 1234 1041 1251 1026 1276 1036 1305 1021 1342 1021 1354 1034 1389 1021 1411 1044 1502 1044 1539 1021 1568 1044 1620 1044 1637 1029 1672 1026 1689 1036 1696 1073 1623 1090 1588 1076 1566 1095 1536 1080 1502 1093 1475 1078 1411 1080 1379 1095 1364 1085 1352 1095 1308 1095 1283 1076 1227 1093 1192 1076 1158 1088 1141 1073 1077 1073 1052 1093 976 1093 963 1080 951 1088 936 1076 922 1083 890 1073 855 1083 836 1071 786 1080 592 1071 560 1090 437 1090 422 1078"/></Shape>
	    <String CONTENT="le profit le condamner à lui payer avec intérêts suivant la loi la "
                    HPOS="420"
                    VPOS="1017"
                    WIDTH="1276"
                    HEIGHT="78"></String>
          </TextLine>

          
          
          <TextLine ID="r2l17"
                    
                    BASELINE="415 1135 478 1134 542 1133 606 1132 670 1132 734 1132 798 1132 861 1132 925 1132 989 1132 1053 1132 1117 1133 1181 1133 1245 1133 1308 1134 1372 1134 1436 1134 1500 1135 1564 1135 1628 1135 1692 1134" 
                    HPOS="413"
                    VPOS="1085"
                    WIDTH="1278"
                    HEIGHT="72">
            <Shape><Polygon POINTS="413 1134 415 1093 425 1085 447 1098 467 1088 481 1103 565 1103 585 1085 710 1088 725 1103 750 1093 759 1103 848 1103 865 1085 904 1085 919 1100 951 1088 983 1103 1050 1098 1064 1085 1091 1098 1128 1085 1148 1103 1180 1088 1244 1103 1256 1093 1266 1103 1342 1103 1357 1093 1372 1103 1413 1085 1441 1103 1463 1088 1507 1098 1546 1088 1568 1100 1664 1085 1684 1095 1691 1132 1684 1147 1578 1139 1549 1157 1527 1139 1502 1139 1475 1157 1399 1157 1374 1139 1342 1149 1315 1137 1232 1157 1141 1157 1126 1142 1104 1147 1072 1134 1054 1144 995 1137 963 1157 904 1157 882 1134 843 1149 823 1134 649 1144 634 1134 609 1144 560 1137 531 1154 516 1142 474 1137 447 1157 415 1152"/></Shape>
	    <String CONTENT="somme de Cent vingt francs qu&#x27;il lui doit pour salaire, plus, telle "
                    HPOS="413"
                    VPOS="1085"
                    WIDTH="1278"
                    HEIGHT="72"></String>
          </TextLine>

          
          
          <TextLine ID="r2l18"
                    
                    BASELINE="424 1200 488 1198 552 1197 616 1196 680 1196 744 1195 808 1195 872 1195 936 1195 1000 1195 1065 1195 1129 1195 1193 1195 1257 1196 1321 1196 1385 1196 1449 1195 1513 1195 1577 1195 1641 1194 1706 1193" 
                    HPOS="422"
                    VPOS="1144"
                    WIDTH="1282"
                    HEIGHT="79">
            <Shape><Polygon POINTS="422 1198 425 1154 445 1174 467 1174 477 1164 553 1164 568 1149 646 1149 673 1164 705 1149 796 1157 853 1147 919 1171 966 1171 986 1152 1040 1152 1077 1171 1096 1157 1116 1166 1138 1159 1153 1171 1239 1171 1261 1157 1327 1169 1342 1154 1364 1166 1386 1152 1413 1169 1455 1169 1473 1157 1539 1169 1576 1144 1605 1144 1642 1166 1696 1166 1704 1191 1696 1218 1654 1218 1635 1203 1625 1213 1613 1201 1591 1211 1546 1201 1522 1218 1490 1218 1468 1201 1404 1208 1354 1196 1320 1218 1276 1220 1219 1201 1192 1213 1160 1203 1128 1220 1089 1220 1045 1198 1030 1206 971 1196 917 1206 772 1203 747 1223 718 1223 688 1201 673 1213 624 1198 582 1208 513 1201 477 1218 452 1198 425 1206"/></Shape>
	    <String CONTENT="indemnité qu&#x27;il plaira au conseil fixer pour perte de temps devant "
                    HPOS="422"
                    VPOS="1144"
                    WIDTH="1282"
                    HEIGHT="79"></String>
          </TextLine>

          
          
          <TextLine ID="r2l19"
                    
                    BASELINE="418 1260 482 1260 546 1259 610 1258 674 1258 738 1258 802 1257 866 1257 930 1257 994 1256 1058 1256 1122 1256 1186 1256 1250 1255 1314 1255 1378 1255 1442 1255 1506 1254 1570 1254 1634 1253 1699 1253" 
                    HPOS="415"
                    VPOS="1206"
                    WIDTH="1281"
                    HEIGHT="71">
            <Shape><Polygon POINTS="415 1257 418 1216 432 1208 464 1208 484 1228 511 1208 541 1208 568 1230 607 1208 695 1225 710 1213 727 1230 777 1220 799 1230 833 1208 863 1208 882 1228 932 1230 954 1208 986 1208 1018 1230 1067 1206 1099 1228 1131 1218 1143 1228 1300 1228 1352 1211 1384 1225 1409 1216 1445 1225 1465 1206 1497 1228 1512 1228 1534 1206 1576 1206 1591 1220 1608 1206 1650 1223 1689 1206 1696 1252 1689 1267 1630 1255 1566 1272 1539 1260 1455 1260 1441 1270 1426 1262 1401 1272 1391 1262 1259 1257 1229 1275 1200 1265 1168 1275 1128 1257 1052 1275 1037 1260 988 1270 976 1257 951 1257 924 1270 885 1260 695 1260 629 1277 486 1277 477 1267 418 1277"/></Shape>
	    <String CONTENT="les Bureaux du conseil et les dépens. Point de droit = Doit-on "
                    HPOS="415"
                    VPOS="1206"
                    WIDTH="1281"
                    HEIGHT="71"></String>
          </TextLine>

          
          
          <TextLine ID="r2l20"
                    
                    BASELINE="438 1328 501 1327 565 1326 629 1324 692 1323 756 1323 820 1322 883 1321 947 1321 1011 1320 1075 1320 1138 1319 1202 1319 1266 1318 1329 1318 1393 1317 1457 1316 1520 1315 1584 1314 1648 1313 1712 1311" 
                    HPOS="437"
                    VPOS="1267"
                    WIDTH="1274"
                    HEIGHT="79">
            <Shape><Polygon POINTS="437 1326 440 1302 469 1279 541 1304 595 1304 646 1277 764 1284 801 1275 818 1284 872 1275 917 1299 981 1299 1015 1297 1045 1272 1069 1272 1086 1289 1106 1282 1155 1297 1187 1282 1202 1294 1236 1294 1254 1277 1286 1294 1305 1284 1335 1294 1357 1275 1382 1284 1413 1267 1455 1270 1477 1289 1500 1282 1509 1292 1600 1279 1613 1289 1704 1289 1711 1309 1694 1321 1659 1316 1640 1331 1615 1321 1591 1331 1512 1331 1497 1321 1485 1333 1473 1324 1436 1333 1350 1324 1342 1333 1313 1321 1249 1333 1214 1319 1158 1331 1141 1324 1126 1338 1082 1324 1000 1336 986 1324 941 1338 919 1324 870 1338 848 1326 688 1326 668 1343 617 1346 585 1333 442 1333"/></Shape>
	    <String CONTENT="onner défaut contre Roussel non comparant ni personne pour "
                    HPOS="437"
                    VPOS="1267"
                    WIDTH="1274"
                    HEIGHT="79"></String>
          </TextLine>

          
          
          <TextLine ID="r2l21"
                    
                    BASELINE="436 1394 499 1392 563 1391 626 1390 690 1389 753 1388 817 1387 880 1386 944 1385 1007 1384 1071 1384 1135 1383 1198 1382 1262 1381 1325 1380 1389 1379 1452 1378 1516 1377 1579 1376 1643 1374 1707 1373" 
                    HPOS="435"
                    VPOS="1329"
                    WIDTH="1271"
                    HEIGHT="86">
            <Shape><Polygon POINTS="435 1392 437 1353 452 1343 494 1353 513 1346 533 1365 572 1365 600 1353 659 1363 681 1341 715 1338 757 1338 777 1356 823 1360 858 1348 870 1356 882 1343 907 1351 927 1336 951 1346 961 1336 1013 1333 1025 1346 1064 1338 1091 1356 1128 1356 1190 1331 1259 1348 1286 1329 1313 1329 1335 1346 1345 1338 1386 1351 1433 1348 1453 1329 1490 1348 1632 1346 1650 1331 1664 1346 1699 1346 1706 1370 1684 1388 1659 1378 1618 1395 1581 1378 1527 1390 1441 1380 1404 1405 1303 1402 1276 1388 1251 1407 1212 1407 1192 1392 1175 1407 1131 1410 1101 1390 1059 1390 1035 1410 1000 1412 978 1392 936 1388 892 1412 858 1415 823 1390 769 1405 686 1392 663 1407 639 1395 622 1405 612 1395 533 1397 521 1410 496 1395 469 1405 440 1397"/></Shape>
	    <String CONTENT="lui quoique dument appelé et pour le profit adjuger au demandeur "
                    HPOS="435"
                    VPOS="1329"
                    WIDTH="1271"
                    HEIGHT="86"></String>
          </TextLine>

          
          
          <TextLine ID="r2l22"
                    
                    BASELINE="426 1461 493 1458 560 1456 627 1454 695 1452 762 1451 829 1449 897 1448 964 1447 1031 1446 1099 1445 1166 1444 1233 1443 1301 1442 1368 1440 1435 1439 1503 1437 1570 1435 1637 1433 1705 1430" 
                    HPOS="425"
                    VPOS="1385"
                    WIDTH="1279"
                    HEIGHT="89">
            <Shape><Polygon POINTS="425 1459 427 1417 437 1410 575 1419 590 1407 634 1405 671 1429 720 1429 752 1402 799 1427 826 1412 845 1427 890 1424 914 1400 954 1397 983 1397 1008 1422 1057 1422 1091 1419 1116 1402 1160 1419 1190 1395 1219 1417 1295 1415 1318 1395 1340 1415 1389 1412 1421 1395 1477 1412 1509 1385 1566 1385 1586 1397 1650 1392 1669 1407 1696 1407 1704 1429 1699 1446 1684 1439 1672 1451 1623 1437 1549 1454 1519 1439 1438 1451 1384 1442 1322 1459 1305 1442 1263 1456 1192 1444 1136 1464 1062 1464 1025 1451 1008 1459 986 1449 949 1469 929 1456 882 1466 868 1451 826 1454 804 1469 750 1459 735 1474 671 1474 654 1456 545 1461 533 1471 518 1461 430 1469"/></Shape>
	    <String CONTENT="les conclusions par lui précédemment prises ? Que doit-il être statué "
                    HPOS="425"
                    VPOS="1385"
                    WIDTH="1279"
                    HEIGHT="89"></String>
          </TextLine>

          
          
          <TextLine ID="r2l23"
                    
                    BASELINE="416 1522 480 1520 545 1519 609 1517 674 1516 739 1514 803 1513 868 1511 933 1510 997 1508 1062 1507 1127 1505 1191 1504 1256 1502 1321 1501 1385 1499 1450 1498 1515 1496 1579 1494 1644 1493 1709 1491" 
                    HPOS="415"
                    VPOS="1446"
                    WIDTH="1291"
                    HEIGHT="91">
            <Shape><Polygon POINTS="415 1520 418 1471 484 1481 504 1469 619 1466 722 1488 747 1464 781 1464 806 1486 887 1486 1005 1456 1035 1481 1084 1481 1143 1476 1165 1454 1251 1451 1271 1464 1286 1449 1313 1469 1394 1446 1423 1471 1504 1469 1519 1456 1534 1466 1551 1456 1659 1466 1699 1454 1706 1488 1699 1508 1650 1496 1477 1501 1445 1510 1423 1501 1364 1515 1330 1505 1305 1515 1217 1505 1172 1520 1145 1505 1106 1518 1086 1508 1074 1520 1015 1508 983 1525 900 1528 877 1515 863 1525 831 1515 794 1528 777 1515 759 1530 745 1515 634 1528 612 1518 572 1535 541 1535 513 1520 418 1537"/></Shape>
	    <String CONTENT="à l&#x27;égard des dépens ? Après avoir entendu Pierre en ses demandes "
                    HPOS="415"
                    VPOS="1446"
                    WIDTH="1291"
                    HEIGHT="91"></String>
          </TextLine>

          
          
          <TextLine ID="r2l24"
                    
                    BASELINE="427 1588 488 1587 550 1585 612 1583 674 1582 736 1580 798 1578 860 1576 922 1575 984 1573 1046 1571 1107 1569 1169 1568 1231 1566 1293 1564 1355 1562 1417 1560 1479 1558 1541 1556 1603 1554 1665 1552" 
                    HPOS="425"
                    VPOS="1498"
                    WIDTH="1239"
                    HEIGHT="103">
            <Shape><Polygon POINTS="425 1587 427 1557 457 1557 481 1532 506 1530 533 1530 568 1555 585 1555 617 1528 644 1530 663 1550 700 1528 745 1550 794 1537 833 1547 968 1542 1005 1515 1133 1513 1158 1537 1190 1535 1222 1510 1241 1510 1266 1532 1313 1518 1369 1530 1418 1510 1445 1528 1477 1505 1492 1513 1514 1501 1578 1498 1657 1508 1664 1550 1659 1567 1618 1557 1578 1567 1497 1559 1463 1572 1337 1564 1318 1574 1251 1569 1241 1579 1111 1582 1096 1572 1079 1584 932 1577 865 1579 836 1591 764 1582 742 1594 592 1587 430 1601"/></Shape>
	    <String CONTENT="et conclusions et en avoir délibéré conformément à la loi ; Attendu "
                    HPOS="425"
                    VPOS="1498"
                    WIDTH="1239"
                    HEIGHT="103"></String>
          </TextLine>

          
          
          <TextLine ID="r2l25"
                    
                    BASELINE="415 1654 477 1652 540 1650 602 1648 665 1646 728 1644 790 1642 853 1640 915 1638 978 1636 1041 1634 1103 1632 1166 1630 1228 1628 1291 1626 1354 1623 1416 1621 1479 1619 1541 1617 1604 1615 1667 1612" 
                    HPOS="413"
                    VPOS="1562"
                    WIDTH="1251"
                    HEIGHT="108">
            <Shape><Polygon POINTS="413 1653 415 1614 472 1621 494 1599 531 1596 600 1601 617 1616 676 1616 713 1606 750 1614 789 1591 823 1611 858 1587 897 1587 924 1606 973 1606 998 1584 1027 1604 1050 1584 1069 1591 1082 1579 1128 1599 1195 1599 1224 1596 1271 1572 1327 1572 1354 1589 1389 1569 1416 1591 1453 1572 1490 1589 1514 1564 1549 1564 1588 1584 1625 1562 1657 1572 1664 1611 1645 1628 1598 1618 1578 1633 1544 1621 1522 1636 1480 1626 1441 1638 1426 1623 1404 1623 1372 1643 1204 1648 1177 1636 1101 1650 1079 1633 1062 1645 1032 1636 1015 1653 993 1641 961 1655 870 1641 836 1653 784 1645 757 1658 740 1648 700 1663 636 1650 619 1668 582 1650 550 1663 521 1653 484 1670 442 1655 418 1665"/></Shape>
	    <String CONTENT="que la demande de Pierre parait juste et fondée ; Que d&#x27;ailleurs "
                    HPOS="413"
                    VPOS="1562"
                    WIDTH="1251"
                    HEIGHT="108"></String>
          </TextLine>

          
          
          <TextLine ID="r2l26"
                    
                    BASELINE="435 1717 498 1715 561 1714 624 1712 687 1709 750 1707 813 1705 876 1703 939 1700 1002 1698 1065 1696 1128 1693 1191 1691 1254 1689 1317 1686 1380 1684 1443 1682 1506 1680 1569 1678 1632 1676 1696 1674" 
                    HPOS="432"
                    VPOS="1623"
                    WIDTH="1262"
                    HEIGHT="108">
            <Shape><Polygon POINTS="432 1714 435 1685 467 1680 484 1663 518 1682 553 1682 568 1670 609 1680 631 1658 656 1655 693 1668 708 1660 720 1672 752 1665 796 1675 833 1650 853 1660 904 1648 927 1670 946 1670 971 1645 1010 1668 1042 1643 1091 1643 1101 1653 1141 1641 1158 1653 1187 1638 1219 1660 1251 1660 1377 1655 1411 1631 1436 1631 1475 1653 1549 1650 1566 1631 1586 1648 1627 1623 1686 1623 1694 1672 1674 1685 1630 1680 1613 1692 1593 1680 1546 1697 1527 1682 1401 1685 1327 1704 1303 1692 1251 1690 1143 1704 1106 1700 1094 1712 1069 1700 966 1700 929 1717 858 1719 838 1709 786 1722 730 1724 710 1714 700 1724 622 1727 582 1714 437 1731"/></Shape>
	    <String CONTENT="elle n&#x27;est pas contestée par Roussel non comparant ni personne "
                    HPOS="432"
                    VPOS="1623"
                    WIDTH="1262"
                    HEIGHT="108"></String>
          </TextLine>

          
          
          <TextLine ID="r2l27"
                    
                    BASELINE="407 1785 471 1782 535 1780 600 1777 664 1775 729 1773 793 1770 857 1768 922 1765 986 1763 1051 1760 1115 1757 1179 1755 1244 1752 1308 1750 1373 1747 1437 1744 1501 1741 1566 1738 1630 1735 1695 1732" 
                    HPOS="405"
                    VPOS="1680"
                    WIDTH="1289"
                    HEIGHT="123">
            <Shape><Polygon POINTS="405 1783 408 1756 452 1729 506 1727 538 1749 560 1724 614 1722 636 1741 671 1746 693 1724 720 1719 745 1741 794 1741 836 1739 858 1722 872 1736 912 1736 934 1724 944 1734 959 1724 1027 1731 1052 1704 1089 1717 1121 1702 1145 1712 1163 1700 1209 1709 1224 1697 1281 1697 1318 1717 1409 1717 1448 1714 1485 1687 1527 1687 1578 1709 1613 1690 1642 1707 1682 1680 1694 1731 1689 1754 1618 1756 1588 1741 1539 1751 1514 1744 1504 1756 1463 1746 1448 1758 1428 1746 1391 1751 1374 1766 1286 1768 1268 1751 1222 1766 1170 1756 1141 1776 1109 1761 1047 1776 1032 1763 1018 1773 1008 1763 971 1763 951 1778 924 1766 909 1778 897 1768 853 1768 806 1781 796 1771 767 1790 722 1773 691 1788 673 1778 641 1788 627 1778 612 1790 548 1785 523 1798 491 1783 450 1803 408 1803"/></Shape>
	    <String CONTENT="pour lui quoique dument appelé ; Attendu que Roussel a fait "
                    HPOS="405"
                    VPOS="1680"
                    WIDTH="1289"
                    HEIGHT="123"></String>
          </TextLine>

          
          
          <TextLine ID="r2l28"
                    
                    BASELINE="428 1846 491 1844 554 1842 617 1839 680 1837 743 1834 806 1831 869 1828 932 1825 995 1822 1059 1819 1122 1816 1185 1813 1248 1810 1311 1807 1374 1804 1437 1802 1500 1800 1563 1797 1626 1795 1690 1794" 
                    HPOS="427"
                    VPOS="1751"
                    WIDTH="1262"
                    HEIGHT="111">
            <Shape><Polygon POINTS="427 1844 430 1813 464 1795 518 1813 550 1790 570 1810 595 1810 617 1788 671 1803 688 1785 725 1783 767 1800 786 1781 816 1790 880 1778 895 1790 927 1776 1022 1793 1069 1778 1086 1783 1099 1768 1118 1768 1138 1785 1165 1766 1263 1783 1406 1768 1436 1776 1453 1754 1551 1771 1598 1768 1608 1756 1635 1766 1647 1751 1679 1751 1689 1793 1684 1815 1632 1798 1605 1810 1578 1803 1559 1815 1529 1803 1490 1822 1448 1825 1362 1827 1350 1815 1335 1822 1322 1813 1271 1813 1246 1832 1217 1815 1192 1827 1150 1817 1123 1832 1104 1820 1072 1840 1054 1822 1035 1822 1005 1835 981 1827 961 1842 909 1827 900 1837 818 1832 806 1844 794 1832 781 1847 747 1835 715 1854 661 1857 646 1844 609 1842 531 1862 496 1844 430 1862"/></Shape>
	    <String CONTENT="perdre du temps à Pierre devant les Bureaux du conseil, ce qui lui "
                    HPOS="427"
                    VPOS="1751"
                    WIDTH="1262"
                    HEIGHT="111"></String>
          </TextLine>

          
          
          <TextLine ID="r2l29"
                    
                    BASELINE="443 1909 506 1907 569 1905 633 1903 696 1901 760 1898 823 1895 887 1892 950 1889 1014 1885 1077 1882 1140 1878 1204 1875 1267 1872 1331 1868 1394 1865 1458 1861 1521 1859 1585 1856 1648 1853 1712 1851" 
                    HPOS="442"
                    VPOS="1805"
                    WIDTH="1269"
                    HEIGHT="125">
            <Shape><Polygon POINTS="442 1908 447 1879 499 1859 550 1879 700 1871 720 1849 762 1869 779 1859 826 1864 843 1847 863 1857 877 1844 914 1862 929 1842 954 1849 973 1837 1025 1835 1084 1849 1123 1849 1141 1837 1158 1844 1187 1827 1227 1827 1259 1844 1310 1825 1342 1840 1389 1840 1441 1837 1450 1825 1485 1835 1561 1830 1578 1813 1704 1805 1711 1849 1704 1876 1659 1859 1647 1869 1620 1859 1591 1884 1546 1884 1529 1867 1500 1864 1490 1876 1475 1867 1345 1871 1313 1896 1286 1896 1259 1876 1204 1881 1175 1903 1128 1906 1106 1906 1086 1886 1042 1906 981 1889 954 1901 914 1894 882 1916 868 1903 799 1916 781 1906 767 1916 747 1901 722 1918 703 1906 602 1930 565 1926 548 1911 467 1923 445 1916"/></Shape>
	    <String CONTENT="cause un préjudice dont il lui doit réparation ; Par ces motifs = Le "
                    HPOS="442"
                    VPOS="1805"
                    WIDTH="1269"
                    HEIGHT="125"></String>
          </TextLine>

          
          
          <TextLine ID="r2l30"
                    
                    BASELINE="440 1978 503 1977 566 1975 630 1973 693 1970 757 1968 820 1965 884 1962 947 1958 1011 1955 1074 1951 1137 1948 1201 1944 1264 1940 1328 1936 1391 1932 1455 1929 1518 1926 1582 1922 1645 1919 1709 1916" 
                    HPOS="437"
                    VPOS="1874"
                    WIDTH="1269"
                    HEIGHT="120">
            <Shape><Polygon POINTS="437 1977 440 1945 479 1926 518 1928 553 1948 568 1938 676 1943 759 1938 777 1921 811 1913 838 1933 870 1933 922 1903 993 1923 1018 1906 1052 1918 1069 1896 1094 1896 1121 1918 1163 1918 1185 1916 1204 1894 1239 1908 1261 1896 1303 1906 1325 1884 1396 1881 1421 1894 1436 1879 1480 1876 1497 1886 1509 1874 1534 1874 1563 1894 1664 1876 1699 1891 1706 1913 1691 1933 1650 1923 1620 1940 1568 1926 1549 1945 1509 1948 1482 1933 1450 1945 1418 1933 1352 1948 1318 1940 1298 1957 1268 1960 1219 1962 1192 1950 1150 1965 1131 1953 1074 1953 961 1962 927 1977 895 1965 877 1977 804 1970 764 1984 747 1972 708 1987 668 1972 646 1982 636 1972 580 1987 565 1980 545 1992 481 1982 459 1994 442 1982"/></Shape>
	    <String CONTENT="Bureau Général jugeant en dernier ressort ; Vu l&#x27;article quarante "
                    HPOS="437"
                    VPOS="1874"
                    WIDTH="1269"
                    HEIGHT="120"></String>
          </TextLine>

          
          
          <TextLine ID="r2l31"
                    
                    BASELINE="446 2039 507 2038 568 2035 630 2033 691 2030 753 2028 814 2024 875 2021 937 2017 998 2013 1060 2010 1121 2006 1182 2002 1244 1998 1305 1994 1367 1991 1428 1987 1489 1984 1551 1981 1612 1978 1674 1976" 
                    HPOS="445"
                    VPOS="1935"
                    WIDTH="1227"
                    HEIGHT="118">
            <Shape><Polygon POINTS="445 2036 450 2004 577 2007 602 1987 634 2004 681 2002 693 1989 732 1999 757 1982 781 1997 804 1977 848 1975 897 1989 976 1987 1005 1984 1032 1965 1136 1960 1153 1975 1180 1977 1209 1967 1263 1972 1281 1955 1327 1950 1374 1960 1413 1948 1495 1950 1522 1960 1576 1938 1605 1955 1623 1945 1645 1950 1664 1935 1672 1975 1667 1997 1647 1982 1541 1987 1509 2009 1477 2012 1431 1992 1281 2021 1259 2021 1234 2002 1175 2021 1148 2009 1133 2019 1050 2012 1027 2029 1000 2016 978 2029 968 2019 936 2039 900 2021 875 2034 855 2021 831 2043 789 2046 730 2048 708 2034 686 2048 673 2036 592 2048 577 2041 555 2053 511 2041 494 2051 450 2043"/></Shape>
	    <String CONTENT="un du décret du onze Juin mil huit cent neuf portant réglement "
                    HPOS="445"
                    VPOS="1935"
                    WIDTH="1227"
                    HEIGHT="118"></String>
          </TextLine>

          
          
          <TextLine ID="r2l32"
                    
                    BASELINE="454 2112 517 2108 581 2105 644 2101 708 2097 771 2094 835 2089 898 2086 962 2081 1025 2077 1089 2073 1152 2069 1216 2065 1279 2061 1343 2057 1406 2054 1470 2050 1533 2047 1597 2044 1660 2041 1724 2038" 
                    HPOS="452"
                    VPOS="1984"
                    WIDTH="1271"
                    HEIGHT="141">
            <Shape><Polygon POINTS="452 2110 454 2075 474 2061 504 2078 577 2075 602 2048 622 2056 678 2043 715 2066 767 2046 791 2063 838 2034 922 2029 959 2053 1003 2024 1035 2048 1170 2041 1217 2012 1246 2012 1276 2034 1340 2031 1367 2004 1428 1999 1458 2021 1509 2021 1556 1994 1571 2007 1583 1992 1659 1997 1679 1984 1716 1997 1723 2036 1718 2051 1699 2041 1637 2058 1600 2048 1566 2061 1470 2053 1389 2058 1379 2073 1340 2075 1325 2063 1300 2078 1214 2068 1187 2070 1172 2085 1062 2090 1047 2080 1003 2095 973 2085 954 2097 922 2085 902 2097 885 2090 833 2105 794 2093 688 2112 641 2105 622 2117 496 2115 457 2125"/></Shape>
	    <String CONTENT="pour les conseils de Prud&#x27;hommes ; Donne défaut contre Roussel "
                    HPOS="452"
                    VPOS="1984"
                    WIDTH="1271"
                    HEIGHT="141"></String>
          </TextLine>

          
          
          <TextLine ID="r2l33"
                    
                    BASELINE="448 2172 510 2170 572 2167 634 2164 696 2161 759 2158 821 2155 883 2151 945 2147 1007 2142 1070 2138 1132 2134 1194 2130 1256 2125 1318 2121 1381 2118 1443 2114 1505 2110 1567 2107 1629 2104 1692 2102" 
                    HPOS="447"
                    VPOS="2051"
                    WIDTH="1244"
                    HEIGHT="140">
            <Shape><Polygon POINTS="447 2171 454 2132 469 2144 523 2142 555 2139 582 2122 609 2137 695 2107 781 2100 821 2125 843 2097 875 2117 902 2120 919 2102 995 2115 1040 2085 1111 2088 1165 2105 1209 2100 1241 2083 1259 2095 1291 2080 1318 2093 1335 2080 1354 2090 1386 2066 1470 2061 1509 2075 1571 2063 1588 2075 1640 2078 1672 2051 1682 2051 1691 2100 1659 2120 1620 2107 1576 2120 1563 2110 1551 2120 1529 2115 1477 2139 1396 2142 1369 2127 1327 2125 1291 2134 1271 2127 1239 2142 1222 2129 1172 2152 1153 2134 1121 2152 1086 2139 1013 2144 991 2166 961 2169 944 2169 927 2152 897 2152 875 2161 799 2156 762 2179 693 2169 563 2191 538 2171 531 2181 509 2174 452 2191"/></Shape>
	    <String CONTENT="non comparant ni personne pour lui quoique dument appelé ; Et "
                    HPOS="447"
                    VPOS="2051"
                    WIDTH="1244"
                    HEIGHT="140"></String>
          </TextLine>

          
          
          <TextLine ID="r2l34"
                    
                    BASELINE="432 2238 496 2235 560 2232 624 2229 689 2225 753 2222 817 2218 881 2214 946 2209 1010 2205 1074 2201 1138 2196 1203 2191 1267 2187 1331 2183 1395 2178 1460 2174 1524 2170 1588 2166 1652 2162 1717 2159" 
                    HPOS="430"
                    VPOS="2122"
                    WIDTH="1286"
                    HEIGHT="130">
            <Shape><Polygon POINTS="430 2235 442 2208 477 2213 511 2188 533 2188 558 2206 600 2206 678 2191 695 2174 769 2183 781 2169 872 2164 900 2181 932 2159 961 2183 983 2181 1008 2154 1050 2176 1072 2176 1082 2161 1121 2174 1150 2171 1175 2147 1241 2139 1281 2159 1320 2161 1386 2137 1409 2154 1477 2152 1524 2122 1556 2134 1573 2122 1598 2142 1620 2122 1650 2139 1709 2134 1716 2156 1691 2174 1677 2169 1654 2181 1635 2166 1586 2188 1556 2169 1546 2181 1517 2171 1490 2193 1468 2179 1382 2193 1364 2183 1350 2198 1322 2183 1281 2196 1249 2188 1229 2211 1192 2213 1116 2196 1091 2206 1074 2198 1064 2211 1040 2203 1030 2215 1008 2203 978 2215 799 2223 786 2238 752 2240 636 2245 607 2233 568 2250 555 2238 518 2235 506 2252 486 2238 435 2242"/></Shape>
	    <String CONTENT="adjugeant le profit du dit défaut ; condamne Roussel à payer "
                    HPOS="430"
                    VPOS="2122"
                    WIDTH="1286"
                    HEIGHT="130"></String>
          </TextLine>

          
          
          <TextLine ID="r2l35"
                    
                    BASELINE="454 2300 516 2298 579 2295 642 2291 705 2287 768 2283 831 2279 893 2274 956 2270 1019 2265 1082 2260 1145 2255 1208 2250 1271 2246 1333 2241 1396 2237 1459 2233 1522 2229 1585 2226 1648 2222 1711 2219" 
                    HPOS="452"
                    VPOS="2169"
                    WIDTH="1257"
                    HEIGHT="145">
            <Shape><Polygon POINTS="452 2299 452 2247 496 2245 511 2260 531 2242 555 2242 597 2262 612 2242 634 2260 649 2247 678 2257 700 2255 720 2235 767 2250 796 2225 828 2245 865 2245 904 2235 919 2218 1003 2213 1025 2233 1094 2230 1136 2203 1207 2223 1246 2196 1291 2208 1303 2193 1325 2191 1359 2213 1406 2208 1421 2193 1436 2201 1455 2186 1475 2203 1502 2181 1551 2201 1578 2198 1595 2176 1645 2171 1654 2181 1664 2169 1699 2171 1709 2218 1689 2235 1654 2230 1625 2245 1598 2228 1497 2242 1480 2235 1453 2247 1374 2242 1354 2255 1327 2245 1251 2272 1113 2279 1079 2265 1057 2284 949 2272 880 2279 870 2289 858 2279 833 2294 811 2287 784 2296 772 2284 754 2301 725 2284 700 2301 688 2294 676 2309 617 2296 597 2306 550 2299 536 2314 457 2301"/></Shape>
	    <String CONTENT="avec intérêts suivant la loi à Pierre la somme de cent vingt francs "
                    HPOS="452"
                    VPOS="2169"
                    WIDTH="1257"
                    HEIGHT="145"></String>
          </TextLine>

          
          
          <TextLine ID="r2l36"
                    
                    BASELINE="439 2368 502 2364 566 2360 630 2356 694 2351 758 2347 822 2341 885 2337 949 2332 1013 2326 1077 2321 1141 2316 1205 2311 1269 2306 1332 2301 1396 2296 1460 2292 1524 2288 1588 2284 1652 2281 1716 2278" 
                    HPOS="437"
                    VPOS="2238"
                    WIDTH="1276"
                    HEIGHT="149">
            <Shape><Polygon POINTS="437 2365 440 2338 479 2328 499 2336 516 2314 531 2324 543 2309 627 2304 639 2316 656 2306 710 2321 767 2296 818 2314 880 2294 904 2299 927 2282 1005 2277 1047 2296 1074 2272 1106 2272 1126 2292 1244 2284 1298 2274 1315 2255 1379 2252 1399 2265 1413 2255 1436 2265 1470 2247 1507 2265 1539 2240 1578 2238 1603 2257 1632 2257 1652 2240 1669 2255 1704 2252 1713 2277 1709 2292 1652 2284 1605 2309 1556 2294 1509 2306 1497 2296 1473 2306 1396 2301 1313 2319 1236 2314 1217 2328 1182 2316 1111 2338 1084 2326 1064 2346 1040 2348 993 2351 966 2336 934 2351 831 2341 791 2358 769 2348 722 2370 681 2373 659 2360 646 2375 548 2368 516 2382 501 2370 469 2370 442 2387"/></Shape>
	    <String CONTENT="qu&#x27;il lui doit pour salaire, plus une indemnité de six francs pour "
                    HPOS="437"
                    VPOS="2238"
                    WIDTH="1276"
                    HEIGHT="149"></String>
          </TextLine>

          
          
          <TextLine ID="r2l37"
                    
                    BASELINE="415 2431 481 2428 547 2424 613 2419 679 2415 745 2410 811 2404 877 2399 943 2393 1009 2387 1075 2382 1141 2376 1207 2370 1273 2365 1339 2359 1405 2355 1471 2351 1537 2346 1603 2343 1669 2340 1735 2337" 
                    HPOS="413"
                    VPOS="2289"
                    WIDTH="1320"
                    HEIGHT="155">
            <Shape><Polygon POINTS="413 2429 413 2380 425 2378 518 2385 602 2368 634 2385 644 2375 772 2375 809 2351 855 2351 885 2365 909 2365 922 2351 959 2360 1052 2355 1086 2353 1131 2328 1172 2341 1261 2321 1325 2331 1340 2314 1357 2324 1377 2311 1431 2328 1480 2304 1512 2314 1536 2299 1605 2316 1642 2292 1686 2289 1704 2304 1723 2294 1733 2336 1723 2351 1689 2353 1669 2341 1630 2360 1613 2346 1554 2365 1544 2355 1509 2365 1458 2355 1386 2370 1320 2365 1310 2378 1298 2368 1249 2390 1121 2380 1106 2395 1074 2385 1064 2400 1042 2390 1005 2402 971 2392 936 2412 890 2414 872 2402 831 2417 818 2407 796 2422 691 2427 673 2417 651 2432 636 2424 587 2437 558 2422 484 2444 418 2434"/></Shape>
	    <String CONTENT="temps perdu ; Le condamne en outre aux dépens taxés et liquidés "
                    HPOS="413"
                    VPOS="2289"
                    WIDTH="1320"
                    HEIGHT="155"></String>
          </TextLine>

          
          
          <TextLine ID="r2l38"
                    
                    BASELINE="426 2492 490 2488 554 2484 619 2480 683 2475 747 2470 812 2465 876 2459 940 2454 1005 2448 1069 2442 1133 2437 1198 2430 1262 2425 1326 2420 1391 2415 1455 2410 1519 2407 1584 2402 1648 2400 1713 2397" 
                    HPOS="425"
                    VPOS="2348"
                    WIDTH="1286"
                    HEIGHT="155">
            <Shape><Polygon POINTS="425 2491 427 2461 523 2456 555 2432 577 2451 622 2427 752 2439 831 2424 900 2427 951 2402 1000 2407 1032 2397 1054 2409 1082 2392 1116 2409 1148 2409 1209 2395 1273 2400 1291 2378 1345 2382 1354 2373 1404 2370 1416 2380 1450 2373 1482 2382 1514 2360 1561 2370 1573 2358 1595 2365 1635 2353 1664 2363 1704 2348 1711 2395 1704 2407 1642 2405 1613 2419 1529 2412 1502 2424 1487 2414 1460 2417 1448 2432 1352 2424 1318 2441 1251 2432 1153 2439 1118 2456 1089 2444 1020 2464 887 2471 858 2461 754 2483 727 2476 686 2488 592 2486 580 2495 553 2486 526 2500 501 2491 489 2500 430 2503"/></Shape>
	    <String CONTENT="envers le demandeur à la somme de un francs, et à celle due "
                    HPOS="425"
                    VPOS="2348"
                    WIDTH="1286"
                    HEIGHT="155"></String>
          </TextLine>

          
          
          <TextLine ID="r2l39"
                    
                    BASELINE="448 2554 509 2550 571 2546 633 2541 694 2537 756 2533 818 2527 879 2521 941 2516 1003 2511 1065 2505 1126 2500 1188 2494 1250 2488 1311 2483 1373 2478 1435 2473 1496 2469 1558 2464 1620 2460 1682 2456" 
                    HPOS="447"
                    VPOS="2409"
                    WIDTH="1232"
                    HEIGHT="163">
            <Shape><Polygon POINTS="447 2552 447 2515 521 2515 543 2493 575 2491 629 2508 678 2500 698 2483 747 2498 764 2478 801 2486 821 2471 872 2488 939 2483 961 2468 1020 2476 1030 2461 1047 2471 1123 2468 1148 2466 1185 2441 1244 2446 1288 2434 1313 2446 1340 2429 1377 2427 1399 2439 1411 2424 1431 2439 1470 2419 1554 2422 1559 2412 1583 2424 1598 2414 1615 2427 1652 2409 1672 2424 1679 2454 1635 2476 1591 2468 1559 2486 1539 2468 1527 2483 1468 2473 1450 2486 1413 2478 1372 2500 1325 2503 1305 2488 1278 2503 1251 2493 1207 2508 1160 2498 1123 2513 1072 2508 1035 2527 993 2530 973 2513 922 2530 890 2522 865 2537 821 2525 745 2550 698 2540 634 2559 607 2542 560 2559 545 2552 531 2564 518 2554 499 2569 452 2572"/></Shape>
	    <String CONTENT="au Trésor Public ; pour le papier timbré de la présente minute, "
                    HPOS="447"
                    VPOS="2409"
                    WIDTH="1232"
                    HEIGHT="163"></String>
          </TextLine>

          
          
          <TextLine ID="r2l40"
                    
                    BASELINE="470 2613 533 2609 597 2605 661 2600 725 2594 789 2590 853 2584 917 2577 981 2572 1045 2566 1109 2560 1172 2554 1236 2549 1300 2543 1364 2538 1428 2533 1492 2529 1556 2525 1620 2521 1684 2518 1748 2516" 
                    HPOS="469"
                    VPOS="2481"
                    WIDTH="1276"
                    HEIGHT="150">
            <Shape><Polygon POINTS="469 2611 472 2584 511 2559 558 2574 577 2554 604 2552 644 2569 676 2557 688 2567 730 2564 740 2552 750 2562 831 2557 853 2554 872 2532 900 2530 929 2547 946 2535 961 2547 1000 2532 1027 2542 1086 2520 1121 2530 1128 2518 1153 2520 1160 2510 1192 2518 1291 2500 1354 2518 1384 2495 1418 2503 1458 2488 1517 2505 1568 2500 1586 2486 1647 2495 1738 2481 1745 2515 1741 2532 1713 2540 1684 2522 1630 2540 1603 2527 1563 2537 1551 2527 1490 2532 1468 2545 1327 2545 1313 2559 1227 2552 1158 2574 1131 2559 1091 2572 1062 2564 1037 2586 993 2594 927 2599 836 2586 757 2601 750 2611 725 2604 700 2616 671 2604 634 2621 582 2611 570 2626 474 2631"/></Shape>
	    <String CONTENT="Conformément à la loi du sept août mil huit cent cinquante ence, "
                    HPOS="469"
                    VPOS="2481"
                    WIDTH="1276"
                    HEIGHT="150"></String>
          </TextLine>

          
          
          <TextLine ID="r2l41"
                    
                    BASELINE="468 2675 531 2671 594 2666 657 2661 721 2656 784 2651 847 2645 911 2640 974 2634 1037 2628 1101 2622 1164 2616 1227 2611 1290 2605 1354 2599 1417 2594 1480 2589 1544 2584 1607 2580 1670 2575 1734 2572" 
                    HPOS="467"
                    VPOS="2525"
                    WIDTH="1266"
                    HEIGHT="165">
            <Shape><Polygon POINTS="467 2672 467 2638 491 2645 580 2638 595 2626 663 2631 678 2613 700 2621 718 2606 868 2606 882 2591 936 2604 963 2601 973 2589 1003 2604 1025 2586 1062 2599 1153 2591 1185 2577 1207 2586 1224 2572 1241 2584 1259 2569 1303 2579 1337 2554 1453 2567 1477 2545 1544 2537 1559 2545 1613 2532 1645 2542 1657 2530 1696 2535 1723 2525 1733 2569 1728 2581 1706 2586 1682 2577 1598 2594 1524 2589 1465 2613 1436 2596 1325 2613 1313 2606 1281 2628 1254 2631 1229 2616 1207 2633 1177 2626 1163 2636 1136 2621 1121 2633 1106 2623 1047 2640 1032 2633 995 2650 983 2638 954 2655 892 2660 872 2648 863 2663 816 2653 786 2667 747 2655 735 2670 722 2660 710 2672 688 2663 651 2680 624 2670 526 2690 506 2677 472 2682"/></Shape>
	    <String CONTENT="non compris le coût du présent jugement, le signification d&#x27;icelui "
                    HPOS="467"
                    VPOS="2525"
                    WIDTH="1266"
                    HEIGHT="165"></String>
          </TextLine>

          
          
          <TextLine ID="r2l42"
                    
                    BASELINE="442 2738 505 2734 569 2730 633 2726 697 2721 761 2715 825 2709 889 2703 953 2696 1017 2690 1081 2683 1144 2677 1208 2671 1272 2665 1336 2659 1400 2654 1464 2649 1528 2644 1592 2641 1656 2638 1720 2636" 
                    HPOS="440"
                    VPOS="2591"
                    WIDTH="1278"
                    HEIGHT="162">
            <Shape><Polygon POINTS="440 2736 442 2709 528 2702 543 2687 572 2699 604 2694 636 2672 651 2687 668 2670 737 2685 786 2682 799 2667 828 2677 939 2670 988 2658 1008 2640 1032 2650 1091 2633 1121 2643 1153 2628 1180 2648 1190 2633 1236 2645 1256 2628 1273 2643 1337 2621 1352 2626 1367 2611 1458 2606 1470 2618 1490 2611 1514 2623 1532 2611 1566 2618 1588 2594 1618 2594 1632 2606 1652 2599 1669 2611 1704 2591 1718 2633 1704 2655 1691 2643 1672 2653 1632 2640 1598 2665 1539 2648 1325 2665 1251 2685 1236 2672 1163 2680 1111 2704 1072 2707 1052 2690 917 2719 870 2707 848 2724 823 2719 809 2729 695 2724 686 2739 565 2749 548 2739 462 2739 445 2753"/></Shape>
	    <String CONTENT="et ses suites. Et vu les articles 435 du code de procèdure civile, 27 et "
                    HPOS="440"
                    VPOS="2591"
                    WIDTH="1278"
                    HEIGHT="162"></String>
          </TextLine>

          
          
          <TextLine ID="r2l43"
                    
                    BASELINE="425 2805 490 2802 555 2797 621 2793 686 2788 751 2782 817 2776 882 2770 947 2763 1013 2757 1078 2749 1143 2743 1209 2736 1274 2729 1339 2723 1405 2717 1470 2712 1535 2707 1601 2703 1666 2699 1732 2696" 
                    HPOS="422"
                    VPOS="2643"
                    WIDTH="1309"
                    HEIGHT="199">
            <Shape><Polygon POINTS="422 2803 425 2758 440 2768 481 2744 538 2758 568 2746 590 2758 602 2749 627 2758 735 2741 806 2744 863 2726 956 2731 978 2709 1015 2699 1057 2721 1101 2719 1126 2702 1177 2712 1236 2682 1310 2702 1369 2692 1401 2667 1490 2660 1514 2660 1549 2682 1576 2680 1618 2653 1659 2663 1667 2650 1721 2643 1731 2694 1731 2751 1657 2756 1627 2731 1605 2749 1578 2751 1527 2726 1468 2731 1416 2761 1377 2741 1288 2746 1239 2761 1197 2795 1155 2793 1109 2761 1020 2810 949 2815 904 2778 865 2820 843 2825 784 2825 718 2803 634 2842 577 2822 563 2830 538 2810 472 2815 430 2834"/></Shape>
	    <String CONTENT="42 du décret du onze Juin 1809, pour signifier au défendeur le présent  "
                    HPOS="422"
                    VPOS="2643"
                    WIDTH="1309"
                    HEIGHT="199"></String>
          </TextLine>

          
        </TextBlock>
        
      </PrintSpace>
    </Page>
  </Layout>
</alto>
