2294 3392
644 93 1576 164 Bureau Général du conseil séant le Jeudi dix sept Janvier mil

661 161 1556 169 huit cent soixante dix huit . Cité pour le dit jour dix sept Janvier

661 234 1531 158 par lettre du secrétaire du conseil en date du quatorze Janvier

653 310 1558 170 mil huit cent soixante dix huit à la requête de la veuve Guillon

644 387 1548 167 Comtat ne comparut pas. A l'appel de la cause la veuve

644 463 1570 175 Guillon se présenta et conclut à ce qu'il plut au Bureau Général

661 556 1553 145 du conseil donner défaut contre Comtat non comparant ni person

644 627 1567 147 pour lui quoique dument appelé et pour le profit le condamner

659 689 1547 159 à lui payer avec intérêts suivant la loi la somme de Cinquante

647 760 1567 167 huit francs qu'il lui doit pour salaire, plus une indemnité de

650 839 1559 155 temps perdu qu'il plaira au conseil fixer et le condamner aux

647 915 1556 156 dépens. Point de droit = Doit-on donner défaut contre Comtat

673 1009 1530 138 non comparant ni personne pour lui quoique dument appelé et

670 1068 1541 138 pour le profit adjuger à la demanderesse les conclusions par

678 1133 1533 155 elle précèdemment prises ? Que doit-il être statué à l'égard des

676 1212 1535 150 dépens ? Après avoir entendu la veuve Guillon en ses demand

673 1288 1533 136 et conclusions et en avoir délibéré conformément à la loi ; attendu

681 1359 1499 153 que la demande de la veuve Guillon parait juste et fondée ;

650 1424 1564 158 Que d'ailleurs elle n'est pas contestée par Comtat non comparan

661 1500 1556 150 ni personne pour lui quoique dument appelé ; Attendu qu'en

650 1580 1564 141 ne comparaissant pas devant les Bureaux du conseil Comta

661 1653 1545 144 a causé à la veuve Guillon un préjudice de perte de temps,

667 1712 1530 147 ce qu'elle doit réparer ; Par ces motifs = Le Bureau Général

667 1792 1533 141 jugeant en dernier ressort ; vu l'article quarante un du décret

667 1859 1525 147 du onze Juin mil huit cent neuf, portant règlement pour les

639 1924 1558 156 Conseil de Prud'hommes ; Donne défaut contre Comtat

656 2015 1550 147 non comparant ni personne pour lui quoique dument appelé ;

659 2074 1538 153 Et adjugeant le profit du dit défaut ; condamne Comtat

678 2170 1519 128 à payer avec intérêts suivant la loi à la veuve Guillon la

678 2221 1514 153 somme de Cinquante huit francs qu'il lui doit pour

656 2292 1553 172 salaire, plus une indemnité de quatre francs pour temps

661 2371 1528 147 perdu ; Le condamne en outre aux dépens taxés et liquidés

659 2447 1547 133 envers la demanderesse à la somme de un francs, et à celle dûe au

656 2510 1550 158 Trésor Public, pour le papier timbré de la présente minute ;

659 2577 1555 162 Conformément à la loi du sept août mil huit cent cinquante

661 2648 1559 161 ence, non compris le coût du présent jugement, la signification

647 2710 1570 159 d'icelui et ses suites. Et vu les articles 437 du code de procédure

656 2784 1538 161 civile, 27 et 42 du décret du onze juin 1809, pour signifier

659 2854 1555 153 au défendeur le présent jugement, commet Minaud, l'un de

653 2917 1561 186 ses huissiers audienciers. Ainsi jugé les jour mois et an que

650 2976 209 76 dessus.

715 3033 212 115 Lecucq

990 3075 274 96 secrétaire
