2139 3328
893 177 804 100 — Du dit jour trente un Janvier

554 252 1523 80 Entre Mademoiselle Amélie Malvesin, fille majeure,

554 330 1493 77 demeurant à Paris, passage Lathuille ; numéro quatorze,

557 396 1401 69 la dite demoiselle ouvrière Lingère ; Demanderesse ;

518 460 1401 97 Comparant ; D'une part ; Et Monsieur Louis Mozer

510 554 1470 64 fabricant de Lingerie, demeurant et domicilié à Paris,

529 612 1523 84 rue neuve des Petits Champs, numéro quatre vingt deux ;

521 682 1504 83 Défendeur ; Défaillant ; D'autre part = Point de fait =

504 751 1551 83 Par lettres du secrétaire du conseil de Prud'hommes du Département

535 820 1523 70 de la seine pour l'industrie des Tissus en dates des Lundi Vingt

549 898 1506 64 un et Mardi vingt deux Janvier mil huit cent soixante dix

540 965 1521 72 huit la demoiselle Malvesin fit citer Mozer à comparaître

529 1037 1490 69 par devant le dit conseil de Prud'hommes séant en Bureaux

524 1114 1512 64 Particuliers les Mardi vingt deux et vendredi vingt cinq Janvier

521 1178 1498 75 mil huit cent soixante dix huit pour se concilier si faire se

524 1242 1531 86 pouvait sur la demande qu'elle entendait former contre lui

538 1322 1481 70 devant le dit conseil en paiement de la somme de Cent

535 1383 1470 78 vingt quatre francs qu'il lui doit pour prix de travaux

554 1453 1490 77 qu'elle a exécutés pour son compte et d'après ses ordres.

549 1525 1495 83 Mozer n'ayant pas comparu la cause fut renvoyée devant

543 1594 1432 70 le Bureau Général du conseil séant le Jeudi trente un

540 1652 1499 81 Janvier mil huit cent soixante dix huit. Cité pour le

543 1730 1498 78 dit jour trente un Janvier par lettre du secrétaire du conseil

532 1799 1496 75 en date du Vingt huit Janvier mil huit cent soixante dix huit

521 1866 1554 86 à la requête de la demoiselle Malvesin Mozer ne comparut

504 1935 1557 81 pas. A l'appel de la cause la demoiselle Malvesin se

524 2010 1509 72 présenta et conclut à ce qu'il plut au Bureau Général

521 2077 1495 83 du conseil donner défaut contre Mozer non comparant ni

516 2152 1509 77 personne pour lui quoique dument appelé et pour le profit

527 2224 1473 80 le condamner à lui payer avec intérêts suivant la loi la

521 2293 1534 83 somme de cent vingt quatre francs qu'il lui doit pour salaire,

529 2362 1512 89 plus, telle indemnité qu'il plaira au conseil fixer pour

521 2443 1523 66 perte de temps devant les Bureaux du conseil et les dépens.

518 2507 1515 86 Point de droit = Doit-on donner défaut contre Mozer

510 2584 1576 83 non comparant ni personne pour lui quoique dument appelé

532 2651 1523 72 et pour le profit adjuger à la demanderesse les conclusions

524 2715 1481 83 par elle précedemment prises ? Que doit-il être statué à

543 2784 1509 80 l'égard des dépens ? Après avoir entendu la demoiselle

546 2862 1476 77 Malvesin en ses demandes et conclusions et en avoir

552 2928 1523 67 délibéré conformément à la loi ; Attendu que la demande

549 2989 1531 94 de la demoiselle Malvesin parait juste et fondée ; Que

535 3070 1567 113 d'ailleurs elle n'est pas contestée par Mozer non comparant
