1783 2850
328 99 1248 91 du Conseil attendu que la demanderesse n'a pas été congédiée ;

309 180 1333 76 Qu'après avoir subi une mise au repos de quinze jours par suite

328 239 1329 74 du manque de travaux et avoir consenti à une autre mise au repos

344 306 1277 66 de huit jours pour la même cause elle n'a plus reparu au

339 361 1291 78 magasin ; Attendu qu'elle a précèdémment été payée de son

361 427 1272 76 salaire et qu'il ne lui en absolument rien dû ; Par ces motifs =

344 498 1255 67 Dire la demoiselle Marlière non recevable en ses demandes,

358 555 1279 76 l'en débouter comme mal fondée en icelles et la condamner aux

356 608 1336 99 dépens. Point de droit = Doit-on condamner la demoiselle

385 672 1248 95 Wuillaime à payer à la demoiselle Marlière la somme de

385 748 1233 80 trente francs pour la nourriture de quinze jours du quinze

366 798 1321 97 Janvier au premier fevrier ; Dire que la demoiselle Wuillaime

358 852 1303 100 sera tenue de recevoir chez elle la demoiselle Marlière à partir

377 926 1289 97 du premier fevrier prochain pour y travailler jusqu'au quinze

377 973 1277 107 du dit mois et de lui payer ce jour la somme de cent francs

368 1033 1296 114 sinon et faute par elle de ce fait la condamner dès à présent

389 1090 1294 109 à payer à la dite demoiselle Marlière la somme de cent soixante

392 1154 1284 109 francs à titre de dommages-intérêts dans laquelle somme serait

389 1211 1291 121 comprise celle de trente francs prcitée ? Ou bien doit-on

377 1270 1315 121 dire la demoiselle Marlière non recevable en ses demandes, l'en

368 1334 1319 126 débouter comme mal fondée en icelles ? Que doit-il être statué

377 1384 1303 131 à l'égard des dépens ? Après avoir entendu les parties en leurs

387 1455 1305 126 demandes et conclusions respectivement et en avoir délibéré

387 1510 1303 133 conformément à la loi ; Attendu qu'il résulte des explications

358 1567 1322 140 fournies par les parties que la demoiselle Willaime obtint de

380 1636 1274 131 la demoiselle Marlière qu'elle pris un congé d'un mois

392 1693 1300 128 de quinze jours du premier au quinze Janvier présent mois ;

368 1755 1331 135 Qu'à l'explication de ce délai la demoiselle Marlière qui

380 1805 1293 144 se croyait fondée à reprendre ses travaux se présenta et, au

401 1859 1308 152 lieu de travail qu'elle demandait se vit ajournée à huitaine

397 1933 1317 140 cette fois ; Que sur la question par elle posée ; Le nouveau

389 1983 1287 154 sacrifice demandée sera t-il le dernier ? En un mot :

385 2042 1295 159 puis je compter sur du travail dans huit jours ? il lui fut

394 2118 1286 140 brusquement répondu que sa demande était déplacée et

387 2166 1289 156 qu'elle ait à revenir dans huit jours et qu'alors elle verrait ;

385 2213 1310 169 Qu'à ce moment la dite demoiselle a formellement déclaré

387 2289 1272 150 qu'elle se mettait en délai congé pour un mois devant

404 2327 1343 166 finir le quinze fevrier ; Qu'alors tout travail lui a été refusé ;

385 2398 1279 159 Attendu qu'il est constant que la demoiselle Marlière

413 2448 1270 176 qui agissait correctement envers sa Patronne a souffert

427 2508 1272 168 de la détermination incorrecte de celle ci ; Par ces motifs =

427 2574 1298 178 le Bureau Général jugeant en dernier ressort ; Condamne
