<?xml version="1.0" encoding="UTF-8"?>
<alto xmlns:xsi="http://www.w3.org/2001/XMLSchema-instance"
      xmlns="http://www.loc.gov/standards/alto/ns-v4#"
      xsi:schemaLocation="http://www.loc.gov/standards/alto/ns-v4# http://www.loc.gov/standards/alto/v4/alto-4-2.xsd">
  <Description>
    <MeasurementUnit>pixel</MeasurementUnit>
    <sourceImageInformation>
      <fileName>IMG_20190620_123602.jpg</fileName>
      
    </sourceImageInformation>
  </Description>
  
  <Tags>
    <OtherTag ID="BT4" LABEL="Illustration" DESCRIPTION="block type Illustration"/><OtherTag ID="BT3" LABEL="Commentary" DESCRIPTION="block type Commentary"/><OtherTag ID="BT2" LABEL="Main" DESCRIPTION="block type Main"/><OtherTag ID="BT1" LABEL="Title" DESCRIPTION="block type Title"/>
    
  </Tags>
  
  <Layout>
    <Page WIDTH="2137"
          HEIGHT="3312"
          PHYSICAL_IMG_NR="60"
          ID="eSc_dummypage_">
      <PrintSpace HPOS="0"
                  VPOS="0"
                  WIDTH="2137"
                  HEIGHT="3312">
        
        <TextBlock HPOS="66"
                   VPOS="11"
                   WIDTH="295"
                   HEIGHT="1057"
                   ID="eSc_textblock_3ead3986"
                   >
          <Shape><Polygon POINTS="298 11 361 66 328 165 361 770 306 902 251 905 262 1046 187 1068 198 883 66 891 88 441 132 320 276 206 298 11"/></Shape>
          
        </TextBlock>
        
        <TextBlock HPOS="397"
                   VPOS="88"
                   WIDTH="1629"
                   HEIGHT="1189"
                   ID="eSc_textblock_eed08152"
                   >
          <Shape><Polygon POINTS="530 88 1134 154 1993 154 2026 419 2004 781 1982 935 1927 993 1949 1156 1916 1200 1673 1277 1540 1244 773 1277 737 1233 519 1189 430 968 474 792 430 736 452 518 397 496 430 397 474 383 430 372 419 242 474 218 530 88"/></Shape>
          
        </TextBlock>
        
        <TextBlock HPOS="154"
                   VPOS="176"
                   WIDTH="30"
                   HEIGHT="42"
                   ID="eSc_textblock_b8899832"
                   >
          <Shape><Polygon POINTS="154 176 184 187 184 218 154 218 154 176"/></Shape>
          
        </TextBlock>
        
        <TextBlock HPOS="2040"
                   VPOS="706"
                   WIDTH="41"
                   HEIGHT="52"
                   ID="eSc_textblock_4f7e976d"
                   >
          <Shape><Polygon POINTS="2051 706 2081 728 2070 758 2040 747 2051 706"/></Shape>
          
        </TextBlock>
        
        <TextBlock HPOS="2051"
                   VPOS="850"
                   WIDTH="19"
                   HEIGHT="52"
                   ID="eSc_textblock_2e84b9ea"
                   >
          <Shape><Polygon POINTS="2051 850 2070 850 2059 902 2051 902 2051 850"/></Shape>
          
        </TextBlock>
        
        <TextBlock HPOS="342"
                   VPOS="1424"
                   WIDTH="1772"
                   HEIGHT="1741"
                   ID="eSc_textblock_d5b9523d"
                   >
          <Shape><Polygon POINTS="982 1424 1245 1479 1805 1479 1993 1567 2048 1655 2015 1796 2114 2141 2070 3132 1198 3165 430 3132 463 2804 438 2735 342 2724 342 2660 427 2627 485 2536 474 2141 408 1951 474 1774 485 1556 982 1424"/></Shape>
          
        </TextBlock>
        

        
        <TextBlock ID="eSc_dummyblock_">
          
          
          <TextLine ID="r5l1"
                    
                    BASELINE="514 205 588 205 662 205 736 205 810 206 884 207 958 209 1032 211 1106 213 1180 215 1254 217 1328 218 1402 220 1476 221 1550 222 1624 222 1698 221 1772 220 1846 219 1920 216 1994 212" 
                    HPOS="513"
                    VPOS="121"
                    WIDTH="1480"
                    HEIGHT="116">
            <Shape><Polygon POINTS="513 204 519 121 750 121 800 171 828 171 872 146 908 146 930 160 949 140 993 179 1043 173 1071 154 1109 179 1192 171 1259 182 1281 171 1311 182 1339 162 1374 182 1408 157 1432 160 1452 179 1490 160 1518 179 1554 160 1598 182 1634 168 1656 179 1714 129 1789 124 1855 154 1974 160 1993 209 1921 231 1899 218 1769 218 1720 229 1695 220 1678 237 1601 229 1259 237 1154 212 1074 223 1016 209 872 209 847 223 808 212 792 226 773 209 709 220 668 209 643 212 621 234 577 212 549 234 516 231"/></Shape>
	    <String CONTENT="six francs qu&#x27;il leur doit pour prix de travaux de la dame"
                    HPOS="513"
                    VPOS="121"
                    WIDTH="1480"
                    HEIGHT="116"></String>
          </TextLine>

          
          
          <TextLine ID="r5l2"
                    
                    BASELINE="503 273 574 273 646 273 718 274 790 275 862 277 934 279 1005 280 1077 282 1149 284 1221 287 1293 288 1365 290 1437 291 1508 292 1580 292 1652 292 1724 291 1796 289 1868 286 1940 282" 
                    HPOS="502"
                    VPOS="223"
                    WIDTH="1436"
                    HEIGHT="86">
            <Shape><Polygon POINTS="502 270 508 234 530 251 563 223 590 223 618 251 679 223 786 223 797 234 811 223 872 223 938 226 985 253 1029 240 1051 253 1137 253 1184 226 1228 256 1297 256 1328 237 1352 251 1374 231 1424 256 1485 256 1532 237 1559 256 1595 240 1631 259 1736 234 1761 259 1813 259 1830 242 1863 237 1894 259 1932 251 1938 281 1929 300 1847 289 1797 309 1778 289 1706 309 1667 298 1653 309 1598 309 1576 295 1559 306 1468 306 1457 295 1314 306 1192 289 1178 300 1129 284 988 284 963 295 924 284 872 303 808 300 784 281 739 281 720 295 701 281 557 289 505 278"/></Shape>
	    <String CONTENT="Doutremont, plus une indemnité de quatre francs pour"
                    HPOS="502"
                    VPOS="223"
                    WIDTH="1436"
                    HEIGHT="86"></String>
          </TextLine>

          
          
          <TextLine ID="r5l3"
                    
                    BASELINE="502 341 574 339 647 339 720 338 792 339 865 340 938 341 1010 343 1083 345 1156 347 1229 349 1301 351 1374 353 1447 355 1519 356 1592 357 1665 357 1737 357 1810 356 1883 353 1956 350" 
                    HPOS="499"
                    VPOS="292"
                    WIDTH="1455"
                    HEIGHT="86">
            <Shape><Polygon POINTS="499 339 502 300 532 292 568 303 704 295 726 317 762 300 789 314 811 303 825 317 872 317 894 295 966 295 1013 317 1071 298 1101 320 1259 320 1289 298 1325 298 1380 317 1452 300 1474 320 1507 311 1532 322 1590 303 1615 322 1720 322 1750 303 1789 300 1816 322 1946 322 1954 347 1932 364 1858 356 1836 375 1816 361 1722 358 1698 375 1637 364 1584 378 1482 378 1427 356 1383 367 1308 356 1289 367 1275 356 1220 364 1201 353 1065 358 1043 347 1027 358 966 345 883 345 858 369 828 345 698 345 659 372 574 372 541 347 502 369"/></Shape>
	    <String CONTENT="temps perdu ; Le condamne en outre aux dépens taxés et"
                    HPOS="499"
                    VPOS="292"
                    WIDTH="1455"
                    HEIGHT="86"></String>
          </TextLine>

          
          
          <TextLine ID="r5l4"
                    
                    BASELINE="506 412 580 410 655 409 729 409 804 410 879 411 953 412 1028 413 1102 415 1177 417 1252 419 1326 421 1401 423 1475 424 1550 426 1625 427 1699 427 1774 427 1848 427 1923 426 1998 424" 
                    HPOS="505"
                    VPOS="364"
                    WIDTH="1491"
                    HEIGHT="83">
            <Shape><Polygon POINTS="505 411 519 364 568 364 588 386 646 386 693 364 728 367 750 386 800 369 820 386 858 386 877 372 886 383 916 367 952 367 974 389 1016 367 1043 367 1082 389 1118 378 1159 389 1192 367 1214 383 1316 369 1336 391 1377 369 1468 369 1488 391 1579 391 1656 372 1681 394 1739 394 1783 372 1802 372 1822 394 1899 375 1924 391 1963 394 1990 372 1996 422 1960 444 1938 433 1896 447 1775 433 1758 444 1659 447 1640 430 1604 427 1573 444 1554 433 1515 444 1493 427 1325 444 1297 425 1264 438 1250 427 1198 433 1162 419 1074 419 1049 433 1021 419 999 430 960 419 880 427 858 416 571 416 549 438 508 438"/></Shape>
	    <String CONTENT="liquidés envers les demandeurs à la somme de un franc, et à"
                    HPOS="505"
                    VPOS="364"
                    WIDTH="1491"
                    HEIGHT="83"></String>
          </TextLine>

          
          
          <TextLine ID="r5l5"
                    
                    BASELINE="490 486 565 483 640 481 715 480 790 480 865 480 940 481 1015 483 1090 484 1165 486 1240 488 1315 491 1390 493 1465 495 1540 496 1615 497 1690 498 1765 498 1840 498 1915 497 1990 495" 
                    HPOS="488"
                    VPOS="430"
                    WIDTH="1499"
                    HEIGHT="91">
            <Shape><Polygon POINTS="488 485 494 444 527 430 676 436 695 455 842 449 861 430 969 430 996 455 1062 433 1228 433 1264 452 1303 436 1325 458 1408 458 1432 436 1488 460 1524 444 1540 460 1640 460 1662 447 1720 460 1744 438 1767 438 1797 460 1836 444 1852 460 1982 455 1987 494 1927 507 1841 499 1822 513 1808 502 1750 521 1606 505 1590 518 1570 510 1548 521 1529 502 1488 521 1366 518 1294 491 1253 518 1212 518 1192 499 1148 491 1104 502 1038 488 1002 499 982 485 952 496 938 485 908 502 875 485 637 496 596 485 585 496 538 488 510 516 491 516"/></Shape>
	    <String CONTENT="celle due au Trésor Public, pour le papier de la présente"
                    HPOS="488"
                    VPOS="430"
                    WIDTH="1499"
                    HEIGHT="91"></String>
          </TextLine>

          
          
          <TextLine ID="r5l6"
                    
                    BASELINE="531 558 603 556 676 556 748 555 821 555 894 556 966 557 1039 558 1112 559 1184 560 1257 562 1330 564 1402 565 1475 567 1548 569 1620 570 1693 572 1766 572 1838 573 1911 573 1984 573" 
                    HPOS="530"
                    VPOS="505"
                    WIDTH="1452"
                    HEIGHT="85">
            <Shape><Polygon POINTS="530 557 538 516 646 524 695 505 770 524 792 505 817 505 844 527 883 507 941 507 982 524 1029 507 1068 527 1203 510 1223 529 1247 529 1267 510 1311 510 1325 524 1350 510 1413 532 1432 518 1449 532 1521 532 1584 513 1659 529 1678 521 1698 535 1825 516 1858 535 1924 524 1974 535 1982 571 1877 590 1858 576 1808 590 1736 590 1722 579 1698 590 1653 574 1623 582 1606 568 1582 585 1570 574 1499 582 1479 571 1463 587 1413 587 1286 565 1201 568 1181 579 1123 565 1107 579 1046 563 941 563 930 574 911 563 844 582 803 579 781 560 739 563 720 579 676 576 651 560 532 560"/></Shape>
	    <String CONTENT="minute, conformément à la loi du sept août mil huit cent"
                    HPOS="530"
                    VPOS="505"
                    WIDTH="1452"
                    HEIGHT="85"></String>
          </TextLine>

          
          
          <TextLine ID="r5l7"
                    
                    BASELINE="543 625 614 626 685 627 757 628 828 628 899 629 971 630 1042 631 1113 632 1185 633 1256 634 1327 636 1399 637 1470 638 1541 639 1613 640 1684 642 1755 643 1827 644 1898 645 1970 646" 
                    HPOS="541"
                    VPOS="576"
                    WIDTH="1427"
                    HEIGHT="91">
            <Shape><Polygon POINTS="541 623 543 582 557 576 610 576 629 596 698 596 717 582 900 598 955 582 1018 601 1126 585 1181 604 1214 585 1236 601 1261 587 1281 607 1303 587 1347 587 1388 607 1449 596 1485 609 1507 593 1535 593 1562 609 1595 609 1617 593 1659 612 1706 596 1794 615 1896 615 1924 596 1960 596 1968 645 1946 667 1916 667 1888 648 1869 659 1789 651 1764 662 1731 645 1689 665 1673 648 1449 662 1438 651 1377 659 1358 640 1261 648 1250 637 1206 637 1167 654 1154 640 1090 645 1076 634 974 637 958 651 941 640 927 654 866 651 853 637 800 651 681 632 543 640"/></Shape>
	    <String CONTENT="Cinquante, ence non compris le coût du présent jugement ; "
                    HPOS="541"
                    VPOS="576"
                    WIDTH="1427"
                    HEIGHT="91"></String>
          </TextLine>

          
          
          <TextLine ID="r5l8"
                    
                    BASELINE="535 696 606 695 678 695 749 695 821 695 893 696 964 696 1036 698 1108 699 1179 700 1251 702 1323 703 1394 705 1466 706 1538 707 1609 708 1681 709 1753 710 1824 710 1896 710 1968 710" 
                    HPOS="532"
                    VPOS="645"
                    WIDTH="1433"
                    HEIGHT="80">
            <Shape><Polygon POINTS="532 695 535 665 549 667 574 645 615 645 632 662 668 654 684 667 715 665 734 645 778 667 797 651 858 648 883 670 930 670 960 648 1027 648 1054 670 1087 648 1109 673 1187 673 1220 651 1278 673 1322 651 1336 665 1374 656 1408 676 1606 676 1634 654 1678 654 1700 673 1722 656 1797 656 1838 673 1905 656 1935 678 1957 662 1965 709 1957 725 1816 725 1769 712 1720 725 1645 706 1631 717 1471 712 1460 723 1413 706 1372 720 1212 703 1137 703 1115 714 1065 698 982 698 971 709 919 698 866 712 817 695 753 701 739 714 709 698 681 709 659 698 629 714 607 701 549 698 535 709"/></Shape>
	    <String CONTENT="la signification d&#x27;icelui et ses suites. Et vu les articles 437"
                    HPOS="532"
                    VPOS="645"
                    WIDTH="1433"
                    HEIGHT="80"></String>
          </TextLine>

          
          
          <TextLine ID="r5l9"
                    
                    BASELINE="547 769 618 767 689 766 761 766 832 765 904 765 975 766 1046 766 1118 767 1189 768 1261 770 1332 771 1403 773 1475 774 1546 775 1618 777 1689 778 1760 779 1832 779 1903 780 1975 780" 
                    HPOS="546"
                    VPOS="709"
                    WIDTH="1428"
                    HEIGHT="91">
            <Shape><Polygon POINTS="546 767 552 709 596 714 610 728 637 712 723 712 756 736 792 717 825 739 880 712 930 712 991 714 1024 742 1040 725 1093 742 1176 742 1201 720 1250 742 1283 720 1319 745 1446 723 1493 739 1504 728 1526 734 1543 717 1573 717 1601 745 1628 747 1736 747 1786 728 1822 747 1968 747 1974 778 1952 789 1913 783 1891 800 1805 800 1789 783 1739 797 1722 781 1678 778 1493 786 1466 772 1430 789 1374 772 1294 789 1275 770 1236 794 1198 794 1165 772 1137 781 1126 770 1101 781 1024 770 996 789 960 770 916 781 858 770 825 792 764 792 706 770 662 772 643 792 582 792 563 775 549 783"/></Shape>
	    <String CONTENT="du code de procédure civile, 27 et 42 du décret du onze"
                    HPOS="546"
                    VPOS="709"
                    WIDTH="1428"
                    HEIGHT="91"></String>
          </TextLine>

          
          
          <TextLine ID="r5l10"
                    
                    BASELINE="516 844 587 841 659 840 731 839 803 838 875 837 947 837 1019 837 1091 837 1163 837 1235 838 1306 839 1378 840 1450 841 1522 842 1594 843 1666 844 1738 845 1810 846 1882 847 1954 847" 
                    HPOS="513"
                    VPOS="786"
                    WIDTH="1439"
                    HEIGHT="72">
            <Shape><Polygon POINTS="513 841 516 794 543 786 571 786 599 814 640 814 684 786 734 786 784 814 839 814 866 786 908 814 935 803 974 811 1018 786 1062 814 1101 814 1129 786 1173 786 1220 811 1245 792 1272 805 1303 786 1427 786 1490 814 1557 786 1601 814 1709 814 1725 797 1750 814 1800 800 1822 814 1940 805 1952 844 1943 858 1816 858 1791 847 1755 858 1742 844 1689 858 1648 844 1543 855 1524 841 1493 858 1474 841 1355 841 1336 858 1281 858 1253 841 1231 855 1140 841 1096 858 1065 841 1016 858 996 841 806 841 786 858 750 858 706 841 681 858 665 844 568 841 516 858"/></Shape>
	    <String CONTENT="Juin 1804, pour signifier au défendeur le présent jugement,"
                    HPOS="513"
                    VPOS="786"
                    WIDTH="1439"
                    HEIGHT="72"></String>
          </TextLine>

          
          
          <TextLine ID="r5l11"
                    
                    BASELINE="526 911 597 910 668 909 739 909 810 908 881 908 952 908 1023 908 1094 909 1165 909 1237 910 1308 910 1379 911 1450 911 1521 912 1592 912 1663 913 1734 913 1805 914 1876 914 1948 914" 
                    HPOS="524"
                    VPOS="850"
                    WIDTH="1422"
                    HEIGHT="77">
            <Shape><Polygon POINTS="524 910 527 872 579 850 612 850 643 880 695 880 737 850 764 872 803 850 1004 850 1043 874 1087 850 1126 880 1184 880 1203 863 1225 880 1267 863 1305 874 1372 850 1427 850 1482 880 1576 880 1587 869 1645 869 1667 850 1706 869 1747 850 1778 880 1838 869 1863 880 1938 877 1946 913 1825 927 1769 916 1733 927 1695 927 1684 916 1568 927 1546 913 1460 927 1369 927 1341 913 1330 924 1223 913 1184 927 1082 913 1049 927 905 927 883 916 844 924 831 913 814 924 797 913 527 921"/></Shape>
	    <String CONTENT="Commet Minaud, l&#x27;un de ses huissiers audienciers. Ainsi"
                    HPOS="524"
                    VPOS="850"
                    WIDTH="1422"
                    HEIGHT="77"></String>
          </TextLine>

          
          
          <TextLine ID="r5l12"
                    
                    BASELINE="531 982 577 981 623 980 670 979 716 978 763 978 809 977 855 977 902 977 948 977 995 976 1041 976 1087 976 1134 976 1180 976 1227 976 1273 977 1319 977 1366 977 1412 977 1459 977" 
                    HPOS="530"
                    VPOS="927"
                    WIDTH="927"
                    HEIGHT="91">
            <Shape><Polygon POINTS="530 979 532 949 563 930 596 946 623 946 643 930 704 930 715 941 753 930 773 949 947 949 996 927 1051 927 1085 946 1261 946 1300 927 1333 941 1366 927 1380 941 1449 943 1457 974 1449 988 1394 1001 1352 988 1308 1004 1278 985 1236 993 1178 979 1132 1015 1076 1015 1062 1001 1049 1012 1007 985 891 993 880 982 742 982 704 1018 654 1018 612 993 585 1018 532 1018"/></Shape>
	    <String CONTENT="jugé les jour mois et an que dessus."
                    HPOS="530"
                    VPOS="927"
                    WIDTH="927"
                    HEIGHT="91"></String>
          </TextLine>

          
          
          <TextLine ID="r5l14"
                    
                    BASELINE="513 1124 541 1124 570 1124 599 1124 627 1124 656 1124 685 1124 713 1124 742 1123 771 1123 800 1123 828 1122 857 1122 886 1121 914 1120 943 1120 972 1119 1000 1119 1029 1118 1058 1117 1087 1116" 
                    HPOS="510"
                    VPOS="1065"
                    WIDTH="575"
                    HEIGHT="74">
            <Shape><Polygon POINTS="510 1123 524 1084 566 1084 577 1095 621 1081 635 1095 673 1084 748 1092 839 1068 869 1084 889 1065 916 1084 966 1065 1038 1065 1076 1087 1085 1115 1079 1128 1029 1123 993 1134 883 1120 836 1137 665 1126 643 1139 626 1126 568 1126 516 1139"/></Shape>
	    <String CONTENT="Lecucq secrétaire"
                    HPOS="510"
                    VPOS="1065"
                    WIDTH="575"
                    HEIGHT="74"></String>
          </TextLine>

          
          
          <TextLine ID="r5l15"
                    
                    BASELINE="758 1540 807 1542 856 1543 905 1544 954 1544 1004 1544 1053 1544 1102 1543 1151 1542 1200 1541 1250 1540 1299 1539 1348 1538 1397 1537 1446 1536 1496 1536 1545 1535 1594 1535 1643 1536 1692 1536 1742 1538" 
                    HPOS="756"
                    VPOS="1473"
                    WIDTH="983"
                    HEIGHT="91">
            <Shape><Polygon POINTS="756 1537 759 1490 778 1482 800 1501 817 1490 828 1501 897 1501 924 1476 971 1498 1004 1501 1027 1487 1057 1501 1120 1501 1151 1473 1225 1473 1256 1501 1278 1501 1316 1473 1537 1473 1590 1501 1731 1498 1739 1537 1731 1553 1714 1537 1667 1553 1606 1537 1526 1551 1482 1537 1352 1551 1308 1540 1281 1564 1189 1564 1143 1542 1101 1564 1024 1564 1002 1542 952 1556 864 1545 844 1556 820 1551 806 1564 784 1551 759 1553"/></Shape>
	    <String CONTENT="— Dudit jour Vingt quatre Janvier"
                    HPOS="756"
                    VPOS="1473"
                    WIDTH="983"
                    HEIGHT="91"></String>
          </TextLine>

          
          
          <TextLine ID="r5l16"
                    
                    BASELINE="503 1613 573 1614 643 1614 713 1614 783 1614 854 1613 924 1613 994 1613 1064 1612 1134 1611 1205 1611 1275 1610 1345 1609 1415 1608 1485 1607 1556 1606 1626 1605 1696 1604 1766 1603 1836 1603 1907 1602" 
                    HPOS="502"
                    VPOS="1540"
                    WIDTH="1403"
                    HEIGHT="88">
            <Shape><Polygon POINTS="502 1611 505 1556 530 1551 563 1551 596 1575 657 1573 695 1551 723 1551 745 1573 775 1575 831 1562 908 1573 960 1548 1007 1548 1035 1573 1107 1573 1154 1548 1189 1573 1275 1570 1303 1545 1333 1556 1358 1545 1372 1556 1386 1545 1493 1545 1551 1567 1695 1567 1720 1548 1761 1559 1786 1542 1891 1540 1905 1600 1896 1620 1838 1609 1791 1620 1612 1609 1598 1620 1548 1609 1537 1622 1455 1611 1427 1622 1189 1614 1170 1625 1137 1614 1104 1625 919 1625 886 1614 847 1628 635 1628 623 1617 549 1628 505 1617"/></Shape>
	    <String CONTENT="Entre Monsieur Marcel Lelièvre, ouvrier coiffeur,"
                    HPOS="502"
                    VPOS="1540"
                    WIDTH="1403"
                    HEIGHT="88"></String>
          </TextLine>

          
          
          <TextLine ID="r5l17"
                    
                    BASELINE="512 1685 583 1684 655 1683 727 1682 799 1681 870 1680 942 1680 1014 1679 1086 1678 1157 1678 1229 1677 1301 1676 1373 1676 1444 1675 1516 1674 1588 1673 1660 1672 1731 1671 1803 1669 1875 1668 1947 1666" 
                    HPOS="510"
                    VPOS="1614"
                    WIDTH="1436"
                    HEIGHT="86">
            <Shape><Polygon POINTS="510 1683 513 1631 563 1631 585 1653 668 1653 717 1628 792 1639 806 1628 891 1636 919 1625 938 1636 960 1628 982 1647 1074 1636 1120 1647 1192 1622 1272 1644 1300 1625 1316 1639 1339 1620 1374 1642 1507 1642 1537 1625 1559 1639 1689 1639 1711 1617 1786 1636 1816 1614 1847 1614 1860 1625 1913 1620 1938 1631 1946 1664 1929 1683 1891 1672 1833 1683 1761 1672 1731 1686 1709 1675 1659 1686 1565 1675 1493 1689 1350 1680 1325 1691 1223 1691 1137 1680 1074 1683 1060 1694 1038 1683 916 1697 792 1686 756 1697 715 1686 516 1700"/></Shape>
	    <String CONTENT="demeurant à Paris, rue Saint Sauveur, numéro trente"
                    HPOS="510"
                    VPOS="1614"
                    WIDTH="1436"
                    HEIGHT="86"></String>
          </TextLine>

          
          
          <TextLine ID="r5l18"
                    
                    BASELINE="508 1757 577 1758 646 1758 715 1757 784 1757 854 1756 923 1755 992 1754 1061 1753 1130 1752 1200 1751 1269 1750 1338 1748 1407 1747 1476 1746 1546 1745 1615 1744 1684 1743 1753 1743 1822 1742 1892 1742" 
                    HPOS="505"
                    VPOS="1683"
                    WIDTH="1386"
                    HEIGHT="97">
            <Shape><Polygon POINTS="505 1755 510 1713 527 1727 629 1727 665 1694 742 1694 778 1725 905 1725 916 1713 933 1725 1010 1725 1060 1689 1170 1689 1195 1713 1212 1697 1247 1716 1267 1702 1286 1713 1319 1697 1339 1705 1361 1686 1441 1686 1496 1719 1513 1708 1546 1719 1626 1686 1648 1705 1673 1708 1689 1694 1805 1716 1847 1683 1874 1683 1891 1741 1882 1758 1866 1744 1811 1758 1775 1747 1753 1760 1722 1744 1617 1749 1570 1771 1501 1771 1471 1749 1438 1747 1344 1758 1319 1774 1267 1774 1256 1763 1239 1771 1225 1758 1206 1766 1187 1755 1159 1774 1079 1774 1013 1752 974 1766 866 1755 822 1760 808 1774 687 1766 657 1780 632 1777 610 1755 574 1769 541 1758 508 1766"/></Shape>
	    <String CONTENT="un ; Demandeur ; Comparant ; D&#x27;une part ; Et"
                    HPOS="505"
                    VPOS="1683"
                    WIDTH="1386"
                    HEIGHT="97"></String>
          </TextLine>

          
          
          <TextLine ID="r5l19"
                    
                    BASELINE="481 1833 554 1830 627 1828 701 1826 774 1824 848 1822 921 1821 994 1820 1068 1820 1141 1819 1215 1818 1288 1818 1361 1818 1435 1817 1508 1817 1582 1816 1655 1815 1728 1814 1802 1813 1875 1811 1949 1809" 
                    HPOS="480"
                    VPOS="1744"
                    WIDTH="1466"
                    HEIGHT="110">
            <Shape><Polygon POINTS="480 1832 483 1777 494 1769 657 1777 684 1766 695 1777 720 1771 748 1799 786 1799 820 1763 900 1763 949 1780 1024 1760 1065 1794 1112 1794 1140 1791 1176 1758 1198 1774 1225 1758 1286 1788 1333 1788 1355 1771 1443 1752 1474 1752 1510 1785 1584 1785 1606 1760 1648 1782 1747 1782 1758 1771 1882 1774 1910 1747 1932 1744 1946 1807 1940 1821 1907 1832 1838 1832 1816 1816 1750 1816 1733 1829 1648 1816 1570 1838 1504 1838 1457 1821 1405 1840 1383 1818 1303 1818 1289 1835 1275 1824 1209 1835 1165 1824 1154 1835 1057 1832 1032 1846 988 1846 971 1829 822 1827 750 1846 731 1832 679 1829 623 1849 593 1835 574 1854 485 1849"/></Shape>
	    <String CONTENT="Monsieur Benoit, Maitre coiffeur, demeurant et"
                    HPOS="480"
                    VPOS="1744"
                    WIDTH="1466"
                    HEIGHT="110"></String>
          </TextLine>

          
          
          <TextLine ID="r5l20"
                    
                    BASELINE="529 1897 602 1898 676 1898 749 1897 823 1897 897 1896 970 1895 1044 1894 1117 1893 1191 1891 1265 1890 1338 1889 1412 1887 1485 1886 1559 1885 1633 1884 1706 1883 1780 1882 1853 1882 1927 1882 2001 1882" 
                    HPOS="527"
                    VPOS="1829"
                    WIDTH="1471"
                    HEIGHT="83">
            <Shape><Polygon POINTS="527 1896 530 1868 549 1868 579 1843 612 1843 635 1865 681 1843 715 1854 737 1843 753 1854 778 1840 811 1840 833 1860 858 1840 897 1854 913 1840 974 1840 1013 1863 1038 1840 1062 1863 1203 1863 1239 1838 1267 1835 1303 1851 1325 1843 1347 1860 1397 1860 1416 1843 1457 1854 1488 1835 1535 1857 1562 1857 1587 1840 1612 1857 1686 1854 1711 1832 1778 1854 1896 1854 1938 1829 1990 1829 1998 1879 1990 1896 1979 1885 1838 1885 1819 1898 1778 1898 1764 1885 1711 1896 1507 1887 1474 1904 1463 1893 1452 1904 1352 1904 1330 1890 1272 1890 1181 1907 1065 1907 1046 1896 728 1912 717 1901 657 1909 568 1898 530 1912"/></Shape>
	    <String CONTENT="domicilié à Paris, rue Turbigo, numéro Vingt un ;"
                    HPOS="527"
                    VPOS="1829"
                    WIDTH="1471"
                    HEIGHT="83"></String>
          </TextLine>

          
          
          <TextLine ID="r5l21"
                    
                    BASELINE="506 1974 580 1972 655 1971 730 1970 805 1968 880 1967 955 1966 1030 1965 1105 1964 1180 1963 1255 1962 1329 1961 1404 1960 1479 1959 1554 1958 1629 1956 1704 1955 1779 1954 1854 1952 1929 1951 2004 1949" 
                    HPOS="505"
                    VPOS="1890"
                    WIDTH="1496"
                    HEIGHT="102">
            <Shape><Polygon POINTS="505 1973 516 1915 532 1926 579 1915 618 1943 668 1909 728 1909 773 1940 831 1940 877 1937 922 1907 966 1907 996 1937 1071 1934 1107 1907 1162 1932 1225 1901 1292 1915 1330 1898 1366 1918 1421 1920 1515 1896 1543 1918 1565 1912 1582 1926 1659 1926 1675 1912 1698 1923 1822 1923 1863 1901 1913 1912 1949 1890 1985 1890 2001 1948 1990 1962 1905 1956 1891 1970 1825 1973 1797 1962 1786 1973 1739 1962 1722 1970 1706 1959 1640 1976 1568 1956 1496 1978 1455 1973 1441 1959 1416 1970 1377 1962 1300 1973 1167 1962 1137 1976 1112 1967 1098 1981 1010 1967 996 1984 980 1967 927 1978 886 1970 869 1987 833 1989 764 1973 693 1976 668 1992 607 1992 579 1973 508 1978"/></Shape>
	    <String CONTENT="Défendeur ; Défaillant ; D&#x27;autre part ; Point de fait ="
                    HPOS="505"
                    VPOS="1890"
                    WIDTH="1496"
                    HEIGHT="102"></String>
          </TextLine>

          
          
          <TextLine ID="r5l22"
                    
                    BASELINE="509 2040 585 2039 661 2039 738 2038 814 2037 891 2036 967 2035 1043 2034 1120 2032 1196 2031 1273 2030 1349 2029 1425 2027 1502 2026 1578 2025 1655 2024 1731 2023 1807 2022 1884 2021 1960 2020 2037 2019" 
                    HPOS="508"
                    VPOS="1965"
                    WIDTH="1526"
                    HEIGHT="88">
            <Shape><Polygon POINTS="508 2039 519 2012 648 2012 681 1984 712 1978 750 2001 775 1987 800 2009 814 1998 831 2009 883 2009 922 1984 949 2006 974 2006 1004 1976 1068 1989 1085 1976 1123 1984 1148 1973 1270 1973 1297 1992 1347 1970 1374 1981 1391 1970 1443 1970 1501 1998 1546 1998 1582 1973 1601 1981 1615 1967 1673 1984 1698 1965 1753 1965 1797 1992 2015 1987 2034 2017 2026 2034 1869 2023 1847 2036 1753 2025 1722 2036 1689 2025 1640 2039 1593 2028 1510 2028 1468 2042 1278 2031 1245 2042 1085 2036 1065 2047 922 2039 800 2050 753 2039 726 2050 588 2042 510 2053"/></Shape>
	    <String CONTENT="Par lettre du secrétaire du conseil de Prud&#x27;hommes du"
                    HPOS="508"
                    VPOS="1965"
                    WIDTH="1526"
                    HEIGHT="88"></String>
          </TextLine>

          
          
          <TextLine ID="r5l23"
                    
                    BASELINE="519 2109 596 2110 673 2110 750 2110 827 2110 905 2109 982 2108 1059 2106 1136 2105 1213 2103 1291 2102 1368 2100 1445 2098 1522 2097 1599 2095 1677 2094 1754 2093 1831 2093 1908 2093 1985 2093 2063 2094" 
                    HPOS="516"
                    VPOS="2034"
                    WIDTH="1546"
                    HEIGHT="93">
            <Shape><Polygon POINTS="516 2108 519 2070 546 2047 596 2047 623 2070 637 2061 673 2072 715 2056 731 2072 778 2072 872 2070 933 2047 969 2070 1004 2045 1046 2053 1071 2042 1109 2067 1195 2067 1242 2042 1297 2039 1416 2039 1443 2064 1515 2064 1576 2039 1606 2061 1711 2061 1755 2036 1847 2058 1882 2034 1952 2034 1976 2056 2054 2047 2062 2092 2054 2108 1813 2097 1728 2111 1709 2100 1645 2100 1609 2116 1570 2116 1548 2103 1374 2103 1336 2114 1297 2105 1283 2122 1234 2108 1198 2122 1104 2122 1087 2111 1013 2125 977 2114 858 2114 842 2125 808 2114 773 2127 728 2116 704 2127 637 2116 621 2127 596 2111 521 2122"/></Shape>
	    <String CONTENT="Département de la Seine pour l&#x27;industrie des tissus en date"
                    HPOS="516"
                    VPOS="2034"
                    WIDTH="1546"
                    HEIGHT="93"></String>
          </TextLine>

          
          
          <TextLine ID="r5l24"
                    
                    BASELINE="519 2180 596 2181 673 2182 750 2182 827 2182 904 2181 981 2180 1058 2179 1135 2178 1212 2176 1289 2174 1366 2173 1443 2171 1520 2169 1597 2168 1674 2167 1751 2166 1828 2165 1905 2165 1982 2165 2059 2165" 
                    HPOS="516"
                    VPOS="2111"
                    WIDTH="1540"
                    HEIGHT="88">
            <Shape><Polygon POINTS="516 2177 519 2150 560 2122 612 2150 657 2150 709 2122 734 2122 775 2147 831 2130 864 2147 913 2147 933 2133 952 2147 1043 2147 1057 2133 1129 2147 1225 2144 1314 2116 1466 2114 1554 2114 1579 2133 1662 2114 1689 2136 1775 2111 1822 2127 1852 2127 1869 2114 1905 2139 1935 2139 1985 2111 2018 2122 2029 2111 2048 2122 2056 2163 2048 2185 1998 2169 1960 2180 1916 2169 1838 2169 1827 2180 1813 2169 1764 2169 1714 2172 1681 2191 1584 2191 1565 2172 1543 2185 1446 2172 1435 2183 1372 2180 1325 2194 1283 2177 1264 2188 1214 2174 1167 2188 1129 2180 1060 2191 1046 2177 1004 2194 933 2183 908 2196 891 2180 861 2194 839 2183 800 2196 770 2188 759 2199 679 2199 646 2183 596 2199 519 2199"/></Shape>
	    <String CONTENT="du Lundi vingt un Janvier mil huit cent soixante dix huit"
                    HPOS="516"
                    VPOS="2111"
                    WIDTH="1540"
                    HEIGHT="88"></String>
          </TextLine>

          
          
          <TextLine ID="r5l25"
                    
                    BASELINE="500 2256 577 2257 654 2258 732 2258 809 2257 887 2256 964 2255 1042 2254 1119 2252 1197 2251 1274 2249 1351 2247 1429 2246 1506 2244 1584 2242 1661 2241 1739 2240 1816 2239 1894 2239 1971 2239 2049 2240" 
                    HPOS="499"
                    VPOS="2185"
                    WIDTH="1549"
                    HEIGHT="89">
            <Shape><Polygon POINTS="499 2254 502 2210 521 2224 582 2224 607 2199 635 2199 659 2224 734 2224 797 2199 836 2221 861 2196 905 2196 938 2219 985 2219 1013 2194 1068 2194 1093 2219 1120 2196 1156 2213 1198 2194 1267 2219 1372 2202 1388 2216 1427 2216 1457 2199 1532 2188 1582 2188 1642 2210 1684 2188 1742 2188 1778 2213 1860 2210 1874 2199 1902 2208 1949 2185 1974 2210 2040 2210 2048 2238 2043 2257 2012 2243 1974 2243 1963 2254 1808 2243 1695 2246 1623 2263 1559 2263 1521 2249 1488 2263 1457 2252 1352 2265 1339 2252 1322 2263 1286 2249 1272 2263 1137 2252 1085 2268 1004 2271 971 2257 886 2268 822 2257 748 2274 726 2263 505 2271"/></Shape>
	    <String CONTENT="Lelièvre fit citer Benoit à comparaître par devant ledit"
                    HPOS="499"
                    VPOS="2185"
                    WIDTH="1549"
                    HEIGHT="89"></String>
          </TextLine>

          
          
          <TextLine ID="r5l26"
                    
                    BASELINE="512 2332 589 2333 667 2333 744 2333 822 2332 899 2331 977 2329 1054 2328 1132 2326 1209 2324 1287 2322 1365 2320 1442 2318 1520 2316 1597 2315 1675 2313 1752 2313 1830 2313 1907 2313 1985 2314 2063 2316" 
                    HPOS="510"
                    VPOS="2257"
                    WIDTH="1552"
                    HEIGHT="83">
            <Shape><Polygon POINTS="510 2329 513 2296 549 2271 588 2296 668 2296 723 2268 764 2296 820 2265 883 2265 933 2293 969 2265 999 2268 1024 2293 1120 2293 1189 2277 1203 2290 1383 2290 1413 2263 1441 2260 1493 2288 1554 2288 1576 2268 1601 2279 1631 2263 1736 2268 1753 2257 1844 2257 1863 2274 1885 2260 1910 2279 1954 2285 1990 2257 2054 2257 2062 2315 2056 2329 2032 2334 1993 2321 1794 2321 1678 2337 1653 2323 1634 2334 1620 2323 1537 2323 1521 2337 1479 2323 1399 2334 1383 2326 1366 2337 1300 2326 1272 2340 516 2337"/></Shape>
	    <String CONTENT="conseil de Prud&#x27;hommes séant en Bureaux Particulier le"
                    HPOS="510"
                    VPOS="2257"
                    WIDTH="1552"
                    HEIGHT="83"></String>
          </TextLine>

          
          
          <TextLine ID="r5l27"
                    
                    BASELINE="526 2406 603 2406 680 2406 757 2405 835 2404 912 2403 989 2402 1066 2400 1144 2398 1221 2397 1298 2395 1375 2393 1453 2392 1530 2390 1607 2389 1684 2388 1762 2387 1839 2387 1916 2387 1993 2388 2071 2389" 
                    HPOS="524"
                    VPOS="2332"
                    WIDTH="1546"
                    HEIGHT="91">
            <Shape><Polygon POINTS="524 2403 532 2346 593 2346 635 2370 657 2370 673 2354 695 2370 775 2370 808 2343 836 2346 858 2368 919 2343 1029 2359 1054 2340 1076 2340 1101 2365 1242 2365 1272 2340 1303 2337 1397 2337 1435 2362 1452 2348 1518 2362 1557 2334 1604 2334 1617 2348 1670 2334 1700 2359 1761 2346 1811 2359 1855 2357 1899 2332 1924 2348 1949 2332 2015 2357 2062 2357 2070 2387 2051 2398 2007 2390 1963 2409 1918 2390 1816 2390 1789 2412 1670 2412 1631 2395 1565 2392 1507 2415 1460 2395 1369 2395 1352 2406 1325 2395 1201 2417 1159 2401 1087 2412 1049 2403 1035 2420 966 2403 949 2420 933 2409 825 2420 770 2406 695 2423 635 2412 596 2423 552 2412 530 2423"/></Shape>
	    <String CONTENT="Mardi vingt deux Janvier mil huit cent soixante dix huit pour"
                    HPOS="524"
                    VPOS="2332"
                    WIDTH="1546"
                    HEIGHT="91"></String>
          </TextLine>

          
          
          <TextLine ID="r5l28"
                    
                    BASELINE="520 2488 596 2486 672 2483 748 2481 824 2479 900 2477 976 2475 1052 2473 1128 2471 1204 2469 1280 2467 1356 2466 1432 2464 1508 2463 1584 2462 1660 2461 1736 2461 1812 2460 1888 2460 1964 2460 2041 2461" 
                    HPOS="519"
                    VPOS="2401"
                    WIDTH="1521"
                    HEIGHT="105">
            <Shape><Polygon POINTS="519 2486 521 2453 566 2434 604 2453 637 2439 665 2453 712 2450 748 2420 803 2420 842 2448 908 2448 971 2415 1004 2415 1035 2445 1074 2434 1123 2439 1140 2420 1159 2420 1181 2442 1209 2442 1247 2412 1322 2431 1350 2409 1432 2406 1482 2406 1529 2437 1582 2437 1628 2403 1667 2434 1733 2434 1800 2401 1858 2401 1880 2423 1913 2428 2032 2426 2040 2459 2032 2481 1998 2481 1963 2461 1913 2478 1896 2464 1869 2472 1811 2461 1772 2478 1731 2472 1711 2486 1645 2486 1598 2464 1546 2478 1479 2467 1438 2484 1399 2470 1283 2470 1256 2481 1162 2472 1115 2497 1040 2497 999 2475 971 2486 930 2481 913 2500 861 2500 842 2484 822 2484 806 2503 770 2503 748 2489 648 2492 637 2506 582 2489 546 2506 521 2495"/></Shape>
	    <String CONTENT="se concilier si faire se pouvait sur la demande qu&#x27;il entendait"
                    HPOS="519"
                    VPOS="2401"
                    WIDTH="1521"
                    HEIGHT="105"></String>
          </TextLine>

          
          
          <TextLine ID="r5l29"
                    
                    BASELINE="519 2558 594 2556 669 2555 745 2552 820 2550 896 2548 971 2546 1046 2544 1122 2542 1197 2540 1273 2538 1348 2536 1423 2535 1499 2533 1574 2532 1650 2531 1725 2531 1800 2530 1876 2531 1951 2531 2027 2532" 
                    HPOS="516"
                    VPOS="2481"
                    WIDTH="1510"
                    HEIGHT="85">
            <Shape><Polygon POINTS="516 2555 519 2522 590 2503 615 2522 679 2522 728 2519 756 2503 800 2517 820 2500 850 2497 875 2517 911 2497 1010 2511 1024 2495 1054 2514 1159 2514 1192 2492 1212 2511 1316 2511 1361 2489 1449 2508 1471 2489 1510 2503 1532 2486 1565 2500 1628 2486 1645 2503 1698 2506 1764 2492 1825 2500 1871 2481 1907 2500 1940 2500 1998 2481 2018 2495 2026 2530 2018 2544 1877 2533 1778 2547 1742 2536 1700 2550 1604 2550 1590 2539 1573 2550 1449 2541 1427 2553 1369 2541 1322 2555 1214 2544 1203 2555 1129 2547 1118 2558 1107 2547 1046 2547 1024 2561 855 2553 822 2564 704 2555 684 2566 519 2566"/></Shape>
	    <String CONTENT="former contre lui devant le dit conseil en paiement de la"
                    HPOS="516"
                    VPOS="2481"
                    WIDTH="1510"
                    HEIGHT="85"></String>
          </TextLine>

          
          
          <TextLine ID="r5l30"
                    
                    BASELINE="512 2628 591 2627 671 2626 751 2624 831 2622 911 2620 991 2618 1071 2616 1151 2614 1231 2611 1311 2609 1391 2607 1471 2605 1551 2604 1631 2603 1711 2602 1791 2601 1871 2601 1951 2601 2031 2602" 
                    HPOS="510"
                    VPOS="2541"
                    WIDTH="1519"
                    HEIGHT="105">
            <Shape><Polygon POINTS="510 2627 513 2597 568 2566 612 2597 726 2586 737 2594 748 2583 806 2594 866 2569 894 2591 958 2591 988 2575 1013 2588 1054 2561 1112 2555 1134 2575 1156 2566 1195 2586 1259 2586 1294 2558 1413 2550 1457 2550 1504 2580 1543 2580 1570 2555 1601 2566 1628 2547 1684 2577 1714 2577 1747 2558 1764 2575 1869 2541 1938 2541 1952 2555 1965 2547 2021 2569 2029 2599 1998 2619 1965 2619 1946 2605 1841 2622 1739 2605 1651 2627 1634 2610 1570 2608 1540 2622 1457 2610 1435 2630 1303 2633 1270 2613 1203 2633 1187 2619 1145 2616 1090 2633 1074 2622 1046 2638 1032 2624 1018 2633 982 2619 952 2641 886 2641 850 2622 831 2638 817 2624 601 2641 552 2641 538 2630 513 2646"/></Shape>
	    <String CONTENT="somme de quinze francs. A l&#x27;appel de la cause Lelièvre"
                    HPOS="510"
                    VPOS="2541"
                    WIDTH="1519"
                    HEIGHT="105"></String>
          </TextLine>

          
          
          <TextLine ID="r5l31"
                    
                    BASELINE="506 2695 582 2695 659 2695 736 2694 813 2693 890 2691 967 2689 1043 2687 1120 2685 1197 2682 1274 2680 1351 2678 1428 2676 1505 2674 1581 2673 1658 2672 1735 2672 1812 2672 1889 2673 1966 2674 2043 2677" 
                    HPOS="505"
                    VPOS="2622"
                    WIDTH="1535"
                    HEIGHT="88">
            <Shape><Polygon POINTS="505 2693 508 2655 543 2638 621 2655 665 2641 684 2660 709 2660 737 2644 792 2652 803 2641 822 2657 930 2657 966 2652 988 2633 1038 2655 1148 2655 1217 2633 1242 2649 1261 2630 1281 2630 1308 2652 1336 2641 1366 2652 1391 2641 1460 2649 1507 2627 1587 2624 1675 2624 1700 2644 1791 2646 1836 2627 1877 2638 1921 2622 2029 2622 2040 2674 1993 2693 1965 2679 1830 2674 1731 2685 1593 2677 1573 2691 1548 2679 1463 2679 1432 2699 1397 2699 1377 2682 1355 2699 1292 2688 1256 2702 1234 2688 1173 2691 1154 2704 1101 2688 974 2691 938 2707 811 2707 786 2696 709 2710 599 2699 568 2710 552 2696 510 2699"/></Shape>
	    <String CONTENT="se présenta et exposa au Conseil qu&#x27;à la demande de"
                    HPOS="505"
                    VPOS="2622"
                    WIDTH="1535"
                    HEIGHT="88"></String>
          </TextLine>

          
          
          <TextLine ID="r5l32"
                    
                    BASELINE="474 2766 549 2766 624 2765 699 2764 775 2762 850 2761 925 2759 1000 2757 1076 2755 1151 2753 1226 2750 1301 2748 1377 2746 1452 2744 1527 2743 1602 2741 1678 2740 1753 2739 1828 2739 1903 2739 1979 2739" 
                    HPOS="472"
                    VPOS="2682"
                    WIDTH="1504"
                    HEIGHT="102">
            <Shape><Polygon POINTS="472 2765 474 2732 513 2707 549 2707 585 2732 690 2732 748 2702 786 2729 889 2729 1024 2726 1071 2699 1093 2721 1126 2724 1165 2696 1192 2693 1225 2721 1267 2699 1325 2721 1372 2691 1405 2691 1449 2718 1474 2718 1504 2693 1546 2702 1557 2691 1628 2688 1678 2713 1698 2693 1747 2704 1797 2682 1894 2682 1932 2710 1968 2696 1976 2737 1968 2760 1954 2762 1855 2743 1816 2768 1780 2768 1739 2743 1684 2743 1664 2757 1521 2743 1405 2748 1361 2771 1308 2751 1272 2773 1245 2762 1223 2776 1151 2762 1132 2771 1093 2754 1032 2782 889 2784 839 2762 770 2779 734 2762 695 2779 657 2765 601 2779 579 2771 566 2782 496 2765 477 2776"/></Shape>
	    <String CONTENT="Benoit il fut envoyé par le Bureau de Placement pour"
                    HPOS="472"
                    VPOS="2682"
                    WIDTH="1504"
                    HEIGHT="102"></String>
          </TextLine>

          
          
          <TextLine ID="r5l33"
                    
                    BASELINE="495 2842 571 2840 648 2838 725 2836 802 2834 879 2832 956 2830 1032 2828 1109 2826 1186 2824 1263 2822 1340 2820 1417 2818 1494 2817 1570 2816 1647 2815 1724 2815 1801 2815 1878 2815 1955 2816 2032 2818" 
                    HPOS="494"
                    VPOS="2762"
                    WIDTH="1535"
                    HEIGHT="89">
            <Shape><Polygon POINTS="494 2840 496 2790 519 2798 541 2782 571 2782 590 2798 604 2790 621 2801 681 2779 726 2779 748 2801 795 2790 814 2798 825 2787 872 2801 1010 2798 1032 2782 1062 2798 1134 2787 1162 2795 1192 2773 1236 2782 1283 2771 1336 2771 1347 2782 1361 2771 1397 2773 1421 2793 1507 2790 1535 2768 1584 2768 1606 2790 1637 2790 1670 2765 1728 2784 1747 2771 1780 2771 1827 2787 1838 2776 1877 2784 1894 2768 1927 2773 1949 2762 1979 2782 2021 2782 2029 2817 1998 2829 1974 2820 1963 2831 1916 2820 1871 2831 1844 2817 1791 2820 1778 2834 1753 2820 1700 2831 1642 2820 1620 2837 1570 2820 1535 2834 1460 2820 1443 2831 1145 2826 1132 2840 1090 2826 1013 2845 977 2831 952 2842 880 2834 869 2848 690 2837 496 2851"/></Shape>
	    <String CONTENT="travailler chez lui pendant laprès midi du samedi et"
                    HPOS="494"
                    VPOS="2762"
                    WIDTH="1535"
                    HEIGHT="89"></String>
          </TextLine>

          
          
          <TextLine ID="r5l34"
                    
                    BASELINE="493 2911 570 2910 647 2908 724 2907 801 2905 878 2903 955 2901 1032 2899 1109 2897 1186 2895 1263 2893 1340 2891 1417 2889 1494 2888 1571 2887 1648 2886 1725 2886 1802 2886 1879 2887 1956 2888 2033 2890" 
                    HPOS="491"
                    VPOS="2834"
                    WIDTH="1541"
                    HEIGHT="91">
            <Shape><Polygon POINTS="491 2909 494 2862 508 2853 541 2851 563 2867 599 2851 651 2862 709 2848 734 2862 750 2848 775 2873 919 2875 952 2845 996 2845 1074 2873 1145 2873 1220 2853 1247 2870 1300 2870 1350 2845 1399 2867 1441 2867 1455 2853 1490 2867 1532 2840 1631 2856 1653 2837 1764 2864 1811 2842 1847 2856 1869 2834 1924 2834 1974 2862 2023 2856 2032 2889 2026 2909 1880 2909 1849 2889 1813 2886 1791 2898 1720 2889 1709 2900 1695 2889 1617 2889 1601 2900 1455 2892 1432 2914 1374 2914 1333 2895 1170 2895 1065 2903 1054 2914 1038 2906 1018 2920 988 2903 933 2903 861 2920 764 2909 712 2922 698 2911 640 2925 604 2925 588 2911 496 2922"/></Shape>
	    <String CONTENT="toute la journée du Dimanche ; que suivant l&#x27;usage"
                    HPOS="491"
                    VPOS="2834"
                    WIDTH="1541"
                    HEIGHT="91"></String>
          </TextLine>

          
          
          <TextLine ID="r5l35"
                    
                    BASELINE="515 2977 589 2977 664 2976 739 2974 814 2973 889 2971 963 2969 1038 2967 1113 2964 1188 2962 1263 2960 1337 2959 1412 2957 1487 2956 1562 2955 1637 2955 1711 2956 1786 2957 1861 2959 1936 2962 2011 2966" 
                    HPOS="513"
                    VPOS="2903"
                    WIDTH="1496"
                    HEIGHT="80">
            <Shape><Polygon POINTS="513 2975 516 2936 543 2922 568 2928 585 2911 632 2936 654 2936 687 2911 734 2936 784 2936 800 2920 853 2936 905 2922 991 2933 1024 2911 1060 2928 1090 2917 1123 2931 1253 2906 1294 2920 1358 2906 1388 2931 1435 2914 1446 2922 1468 2906 1720 2903 1733 2917 1797 2903 1836 2928 1976 2928 2001 2911 2009 2964 1952 2975 1888 2972 1877 2961 1628 2961 1590 2975 1570 2964 1488 2964 1471 2975 1421 2964 1374 2964 1363 2975 1344 2964 1264 2964 1220 2975 1151 2967 1137 2978 1046 2969 1004 2980 971 2972 880 2983 516 2983"/></Shape>
	    <String CONTENT="il se rendit chez Benoit le vendredi dix huit Janvier, y"
                    HPOS="513"
                    VPOS="2903"
                    WIDTH="1496"
                    HEIGHT="80"></String>
          </TextLine>

          
          
          <TextLine ID="r5l36"
                    
                    BASELINE="475 3058 553 3056 632 3054 710 3052 789 3049 868 3047 946 3044 1025 3042 1104 3040 1182 3038 1261 3036 1340 3034 1418 3032 1497 3031 1576 3030 1654 3030 1733 3029 1812 3030 1890 3031 1969 3032 2048 3034" 
                    HPOS="474"
                    VPOS="2972"
                    WIDTH="1571"
                    HEIGHT="91">
            <Shape><Polygon POINTS="474 3055 477 3005 485 3013 508 2991 546 2991 568 3013 599 2997 623 3016 657 3013 698 2989 723 3011 797 3013 825 2994 858 3013 955 3011 977 2989 1062 2983 1176 2983 1201 3002 1289 2986 1314 3005 1410 3005 1452 2978 1485 3002 1524 3002 1551 2978 1612 2978 1645 3002 1700 2983 1717 3000 1758 2989 1775 3000 1841 3000 1954 2972 2037 2972 2045 3033 2037 3044 1877 3033 1816 3047 1797 3033 1755 3044 1664 3033 1623 3049 1562 3036 1455 3036 1394 3052 1377 3038 1264 3038 1223 3055 1148 3041 1060 3058 991 3058 947 3044 930 3058 875 3049 773 3060 756 3049 659 3063 477 3063"/></Shape>
	    <String CONTENT="présenta la carte, fut admis par lui, mais que le"
                    HPOS="474"
                    VPOS="2972"
                    WIDTH="1571"
                    HEIGHT="91"></String>
          </TextLine>

          
          
          <TextLine ID="r5l37"
                    
                    BASELINE="481 3135 559 3133 638 3131 717 3128 796 3125 875 3123 953 3120 1032 3117 1111 3114 1190 3112 1269 3109 1347 3107 1426 3106 1505 3105 1584 3104 1663 3105 1741 3105 1820 3107 1899 3109 1978 3113 2057 3117" 
                    HPOS="480"
                    VPOS="3041"
                    WIDTH="1576"
                    HEIGHT="108">
            <Shape><Polygon POINTS="480 3132 483 3085 521 3060 549 3060 574 3085 720 3085 748 3071 775 3082 897 3082 958 3058 999 3082 1049 3055 1079 3077 1098 3063 1123 3074 1151 3063 1206 3080 1236 3055 1264 3071 1294 3049 1325 3063 1344 3047 1416 3047 1446 3077 1488 3077 1546 3044 1595 3044 1662 3074 1717 3049 1747 3069 1778 3044 1833 3052 1847 3041 1993 3041 2037 3071 2048 3066 2056 3116 2051 3135 1998 3135 1949 3116 1924 3129 1905 3113 1825 3110 1758 3129 1742 3116 1717 3118 1684 3135 1651 3113 1598 3113 1557 3138 1521 3116 1432 3116 1410 3129 1388 3116 1344 3127 1281 3116 1234 3140 1209 3129 1189 3143 1079 3143 1049 3118 999 3132 930 3127 869 3146 836 3132 800 3146 750 3132 728 3149 681 3135 635 3149 577 3135 566 3146 554 3135 485 3143"/></Shape>
	    <String CONTENT="Dimanche matin s&#x27;étant présenté à l&#x27;heure habituelle "
                    HPOS="480"
                    VPOS="3041"
                    WIDTH="1576"
                    HEIGHT="108"></String>
          </TextLine>

          
        </TextBlock>
        
      </PrintSpace>
    </Page>
  </Layout>
</alto>
