4608 3072
1331 975 2393 128 du dit jour, à la charge par eux de la nourrir et loger pendant toute

1305 1077 2424 136 la durée de l’apprentissage. Il fit également convenu que celle des

1297 1192 2427 139 parties qui n’exécuterait pas la dite convention serait passible

1320 1303 2415 128 d’une indemnité fixé à la somme de trois cent francs. De son

1326 1415 2406 138 coté la veuve Bouquet se présenta et exposa au Conseil que la

1320 1530 2432 139 jeune apprentie est constamment employée à nettoyer les chaussures

1297 1635 2435 128 de sa maîtresse et aux soins du ménage ; qu’on la fait travailler

1308 1745 2447 139 de six heures du matin à neuf et six heure du soir, quelque fois

1295 1871 2470 133 même jusqu’à minuit ; que l’apprentie ayant mal à la main le

1295 1976 2447 161 Docteur défendit qu’elle mit les mains dans l’eau ; que malgré cette

1326 2078 2462 172 défense on l’employa à laver la vaisselle ; que l’apprentie fut frappée

1300 2201 2488 164 que l’ayant mise coucher avec une jeune fille trouvée dans les rues elle

1303 2321 2511 172 gagna une maladie cutanée (La gale). Les époux Yékiche exposèrent

1303 2434 2503 169 au Conseil que lorsque l’apprentie rapporta la gale de chez sa mère elle n’avait

1290 2524 2532 202 pu la gagner de la jeune fille qui n’est entrée chez eux  qu’en octobre mil huit

1318 2634 2504 197 cent cinquante six lorsque la maladie s’était déclarée en Juillet de la même

1331 2741 2452 241 année. Le Bureau Particulier engagea la veuve Bouquet à faire
