3072 4608
1305 395 710 131 Dudit jour quatre Juin

718 445 1935 215 Entre Monsieur Constant Ballin, ouvrier feuillagiste,

714 572 1947 172 demeurant à Paris, rue Saint Denis, numéro trois cent quatre

695 637 1977 207 Vingt onze ; Demandeur ; Comparant ; D'une part ; Et Monsieur

691 733 1970 188 Kirsch-Gervaise, fabricant de feuillages, demeurant et

702 829 1970 177 domicilié à Paris, rue du Caire, numéro dix neuf ; Défendeur ;

683 913 1985 189 Défaillant ; D'autre part ; Point de fait — Par lettres du secrétaire

698 1002 1970 173 du Conseil de Prud'hommes du Département de la Seine pour l'industrie

695 1086 1966 173 des tissus en dates des samedi vingt neuf et Lundi trente un mai

687 1190 1970 154 mil huit cent cinquante huit Ballin fit citer Kirsch-Gervaise à

675 1274 1982 166 comparaître par devant le dit Conseil de Prud'hommes séant en

672 1363 1985 169 Bureaux Particuliers les Lundi trente un Mai et Mardi premier

668 1455 1996 165 Juin mil huit cent cinquante huit pour se concilier si faire se pouvait

668 1555 2020 142 sur la demande qu'il entendait former contre lui devant le dit Conseil

679 1647 1993 157 en paiement de la somme de Trente francs qu'il lui doit pour prix de

648 1731 2016 162 travaux par lui faits pour son compte, d'après ses ordres et dans ses

679 1831 2001 154 ateliers. Kirsch Gervaise n'ayant pas comparu la cause fut

675 1927 1989 150 renvoyée devant le Bureau Général dudit Conseil séant le vendredi

675 2023 2013 150 quatre juin mil huit cent cinquante huit. Cité pour le dit jour quatre

660 2123 2024 127 Juin par lettre du secrétaire du Conseil en date du premier Juin mil huit

675 2208 2016 153 cent cinquante huit Kirsch Gervaise ne comparut pas. A l'appel

679 2311 2009 135 de la cause Ballin se présenta et conclut à ce qu'il plut au Bureau

672 2400 2027 142 Général du dit Conseil donner défaut contre Ballin non comparant

672 2499 2016 142 ni personne pour lui quoique dument appelé et pour le profit le condamne

660 2584 2012 130 à lui payer avec intérêts suivant la loi la somme de Trente francs quil

641 2680 2066 146 lui doit pour prix de travaux de son état par lui faits pour son compte

648 2784 2040 138 d'après ses ordres et dans ses ateliers, plus une indemnité pour le tort

652 2883 2047 119 qu'il lui a causé en ne comparaissant pas devant les Bureaux du

641 2960 2047 135 Conseil et les dépens. Point de droit — Doit-on donner défaut

637 3064 2058 127 contre Kirsch-Gervaise non comparant ni personne pour lui quoique

645 3164 2046 123 dument appelé et pour le profit adjuger au demandeur les conclusions

641 3252 2031 123 par lui précédemment prise ? Que doit-il être statué à l'égard des

652 3344 2051 146 dépens ? Après avoir entendu Ballin en ses demandes et conclusions

637 3436 2066 146 et en avoir délibéré conformément à la loi ; attendu que la demande de

648 3528 2063 154 Ballin parait juste et fondée ; Que d'ailleurs elle n'est pas contestée

641 3624 2054 169 par Kirsch-Gervaise non comparant ni personne pour lui

637 3728 2058 150 quoique dument appelé ; attendu qu'en ne comparaissant pas

637 3816 2051 139 devant les Bureaux du Conseil Kirsch-Gervaise a causé à

648 3912 2047 154 Ballin un préjudice de perte de temps, ce qu'il doit réparer ;

637 4012 2043 131 Par ces motifs -- Le Bureau général jugeant en dernier

622 4104 2054 189 ressort, Donne défaut contre Kirsch-Gervaise non comparant
