4608 3072
1382 2 2140 126 quatre Juin mil huit Cent Cinquante huit. Citée pour le dit jour

1364 58 2166 182 quatre juin la veuve Doré comparut. A l'appel de la cause

1359 174 2176 171 Simon se présenta et conclut à ce qu'il plut au Bureau Géneral

1361 271 2176 164 du dit Conseil Dire et ordonner que dans le jour du jugement à

1364 373 2176 174 intervenir la mineure Emélie Doré sera tenue de rentrer dans

1377 478 2150 169 ses ateliers pour y continuer son apprentissage aux termes des

1359 578 2173 166 Conventions verbales d'apprentissage établies le dix huit novembre

1354 680 2186 169 mil huit cent cinquante six sinon et faute par elle de ce faire

1374 785 2153 159 par sa mère de l'y contraindre Condamner dès à présent la

1356 888 2176 166 veuve Doré à lui payer avec intérêt suivant la loi la somme de

1356 1006 2181 140 deux Cent francs à titre d'indemnité et la condamner aux dépens

1354 1095 2191 172 De son coté la veuve Doré se présenta et conclut à ce qu'il plut au

1336 1205 2189 159 Bureau Général du dit Conseil attendu que Simon s'est porté à

1320 1313 2215 151 des vices de fait envers l'apprentie ; que d'ailleurs elle ne la pas retiré

1336 1410 2181 159 de chez lui, que c'est lui qui, au contraire, l'a renvoyée ; attendu

1338 1515 2176 156 encore qu'ayant fourni un lit dans lequel sa fille devait coucher

1328 1617 2184 151 Simon en a disposé pour y mettre, à son profit, Coucher d'autres

1323 1707 2209 184 personnes ; Par ces motifs — Dire que les conventions verbales

1346 1827 2179 154 d'apprentissage seront et demeureront purement et simplement

1326 1930 2191 161 résiliées à partir du jugement à intervenir; Déclarer Simon non

1328 2040 2179 159 recevable en ses demandes et le condamner aux dépens .

1346 2129 2153 167 Point de droit — Doit-on dire et ordonner que dans le jour

1320 2240 2184 153 du jugement à intervenir la mineure Emélie Doré sera tenu

1303 2342 2214 148 de rentrer dans les atetiers de Simon pour y continuer son apprentissage

1344 2432 2163 171 Sinon et faute par elle de ce faire et par sa mère de l'y contraindre

1300 2536 2207 162 Condamner la veuve Doré à payer à Simon la somme de deux

1297 2636 2212 208 Cents francs à titre de dommages — intérêts ? Que doit- il adven
