4608 3072
1297 1044 2310 141 Particulier du dix neuf Janvier que Boyer a enseigné la profession

1303 1152 2309 171 à Borne ; qu’une somme devait lui être payée en retour ; qu’aux dires

1290 1259 2322 161 de la dame Borne elle même, et, bien que cette

1295 1382 2332 151 Boyer, une somme de cinquante francs aurait été donnée à compte

1290 1479 2337 149 sur celle à payer ; que ce paiement de cinquante  francs ne pourrait être

1292 1589 2332 162 considéré comme le prix fixé par les parties puisque la dame Borne

1315 1699 2297 169 a offert de payer encore celle de trente francs ; considérant que le prix

1290 1807 2352 182 d’apprentissage ne pouvait valoir plus de quatre vingt francs ; attendu que

1305 1948 2343 156 l'absence de preuves suffidantes les parties se bornent à nier chacun de

1290 2045 2345 184 leur coté, même les choses qui paraissent évidente : Boyer avoir reçu la

1282 2173 2353 159 somme de cinquante francs que la dame borde a déclaré lui avoir donnée

1308 2265 2324 195 à compte sur l’apprentissage, Borne avoir appris à travailler lorsqu’il

1315 2380 2330 174 déclare qu’avant l’achat de sa machine et l’arrivée chez lui de Boyer

1292 2483 2366 179 il ne connaissant rien à l’état qu’il professe aujourd’hui ; attendu que la cour

1292 2611 2366 158 reconnait qu’il reste du à Boyer une partie du paiement qui devait

1280 2703 2370 248 lui être fait pour l’apprentissage ; qu’il fixe à cinquante francs
