<?xml version="1.0" encoding="UTF-8"?>
<alto xmlns:xsi="http://www.w3.org/2001/XMLSchema-instance"
      xmlns="http://www.loc.gov/standards/alto/ns-v4#"
      xsi:schemaLocation="http://www.loc.gov/standards/alto/ns-v4# http://www.loc.gov/standards/alto/v4/alto-4-2.xsd">
  <Description>
    <MeasurementUnit>pixel</MeasurementUnit>
    <sourceImageInformation>
      <fileName>PH 1858-534.jpg</fileName>
      
    </sourceImageInformation>
  </Description>
  
  <Tags>
    <OtherTag ID="BT4" LABEL="Illustration" DESCRIPTION="block type Illustration"/><OtherTag ID="BT3" LABEL="Commentary" DESCRIPTION="block type Commentary"/><OtherTag ID="BT2" LABEL="Main" DESCRIPTION="block type Main"/><OtherTag ID="BT1" LABEL="Title" DESCRIPTION="block type Title"/>
    
  </Tags>
  
  <Layout>
    <Page WIDTH="3072"
          HEIGHT="4608"
          PHYSICAL_IMG_NR="116"
          ID="eSc_dummypage_">
      <PrintSpace HPOS="0"
                  VPOS="0"
                  WIDTH="3072"
                  HEIGHT="4608">
        

        
        <TextBlock ID="eSc_dummyblock_">
          
          
          <TextLine ID="r1l1"
                    
                    BASELINE="672 309 775 308 879 309 982 310 1086 312 1189 315 1293 318 1396 323 1500 327 1603 331 1707 336 1810 341 1914 345 2017 349 2121 353 2224 356 2328 357 2431 359 2535 360 2638 359 2742 357" 
                    HPOS="668"
                    VPOS="218"
                    WIDTH="2073"
                    HEIGHT="162">
            <Shape><Polygon POINTS="672 307 668 334 2734 380 2741 353 2734 280 2496 288 2442 268 2415 261 2411 261 2407 261 2403 261 2400 261 2392 268 2373 288 2250 288 2184 261 2158 253 2154 253 2150 253 2096 261 1969 276 1904 253 1881 245 1877 245 1873 245 1831 253 1708 272 1562 241 1528 238 1524 238 1520 238 1509 241 1443 264 1374 238 1363 234 1359 234 1355 234 1305 234 1025 253 672 218 672 307"/></Shape>
	    <String CONTENT="leur payer et rembourser la somme de dix neuf francs quatre vingt dix "
                    HPOS="668"
                    VPOS="218"
                    WIDTH="2073"
                    HEIGHT="162"></String>
          </TextLine>

          
          
          <TextLine ID="r1l2"
                    
                    BASELINE="660 398 761 398 863 398 965 399 1067 402 1169 404 1271 408 1372 411 1474 416 1576 419 1678 423 1780 428 1882 432 1984 436 2085 439 2187 443 2289 445 2391 447 2493 448 2595 449 2697 447" 
                    HPOS="652"
                    VPOS="311"
                    WIDTH="2043"
                    HEIGHT="165">
            <Shape><Polygon POINTS="2653 357 2638 357 2565 372 2553 360 2538 360 2499 360 2461 360 2457 357 2423 368 2361 357 2346 357 2307 357 2269 357 2231 357 2192 353 2154 353 2150 349 2065 360 2035 345 2000 345 1985 345 1912 357 1889 341 1885 341 1847 341 1808 341 1770 337 1758 337 1743 353 1674 334 1655 334 1616 334 1589 330 1524 345 1505 330 1501 330 1463 326 1359 341 1240 341 1221 318 1217 318 1194 318 1155 314 1117 314 1109 311 656 311 656 395 652 433 956 426 1332 449 1436 456 1440 456 1482 453 1589 441 1697 456 1751 464 1754 464 1789 460 1839 449 1962 460 2065 472 2069 476 2691 476 2695 445 2688 357 2653 357"/></Shape>
	    <String CONTENT="centimes pour autant qu&#x27;ils ont dépensé en achat de fournitures qui "
                    HPOS="652"
                    VPOS="311"
                    WIDTH="2043"
                    HEIGHT="165"></String>
          </TextLine>

          
          
          <TextLine ID="r1l3"
                    
                    BASELINE="684 489 782 489 881 489 980 491 1079 494 1178 497 1277 500 1375 504 1474 508 1573 512 1672 516 1771 521 1870 525 1969 528 2067 532 2166 534 2265 537 2364 539 2463 540 2562 540 2661 539" 
                    HPOS="679"
                    VPOS="410"
                    WIDTH="1978"
                    HEIGHT="162">
            <Shape><Polygon POINTS="2641 449 2634 449 2565 464 2526 449 2526 449 2496 449 2446 472 2388 453 2384 453 2380 453 2376 453 2373 453 2350 472 2119 449 2115 449 2112 449 2108 449 2088 464 2058 441 2054 441 2050 441 2046 441 2042 441 2004 456 1981 437 1977 437 1973 437 1969 437 1966 437 1962 437 1935 460 1889 437 1885 437 1881 437 1877 437 1870 437 1781 456 1681 437 1608 422 1605 422 1566 418 1528 418 1493 418 1489 418 1486 418 1482 418 1459 433 1443 445 1413 433 1378 422 1374 422 1370 422 1367 422 1363 422 1351 433 1340 441 1332 433 1301 410 1297 410 1294 410 1290 410 683 426 683 487 679 522 2649 572 2657 537 2653 449 2641 449"/></Shape>
	    <String CONTENT="devaient servir à la confection des dits bonnets et qui n&#x27;ont pu "
                    HPOS="679"
                    VPOS="410"
                    WIDTH="1978"
                    HEIGHT="162"></String>
          </TextLine>

          
          
          <TextLine ID="r1l4"
                    
                    BASELINE="681 576 783 578 886 581 988 584 1091 588 1194 591 1296 594 1399 597 1501 602 1604 605 1707 608 1809 612 1912 615 2014 618 2117 621 2220 623 2322 626 2425 627 2527 629 2630 630 2733 630" 
                    HPOS="675"
                    VPOS="491"
                    WIDTH="2055"
                    HEIGHT="181">
            <Shape><Polygon POINTS="2254 537 2215 537 2177 537 2146 533 2012 545 1893 545 1870 526 1870 526 1831 522 1812 522 1770 537 1708 518 1678 518 1639 514 1601 514 1562 510 1524 510 1486 510 1451 506 1413 529 1267 503 1236 499 1232 499 1205 503 1098 518 1071 499 1067 495 1063 495 1059 495 1056 495 1052 495 1044 499 994 518 944 495 933 491 929 491 925 491 921 491 910 495 840 514 679 491 679 576 675 614 821 602 860 622 863 622 867 622 956 606 971 625 975 625 975 629 979 629 983 629 986 629 1021 629 1232 614 1255 633 1255 637 1259 637 1263 637 1267 637 1340 637 1712 629 1731 645 1731 648 1735 648 1739 648 1743 648 1747 648 1751 648 1793 629 1839 648 1847 652 1850 652 1854 652 1870 652 1950 637 2050 656 2062 656 2065 656 2069 656 2073 656 2088 641 2104 652 2104 656 2108 656 2112 656 2115 656 2127 656 2545 648 2722 672 2730 629 2722 537 2438 556 2300 556 2284 537 2254 537"/></Shape>
	    <String CONTENT="être employées par la défenderesse, S&#x27;entendre en outre Condamner "
                    HPOS="675"
                    VPOS="491"
                    WIDTH="2055"
                    HEIGHT="181"></String>
          </TextLine>

          
          
          <TextLine ID="r1l5"
                    
                    BASELINE="672 674 775 675 878 677 981 678 1084 680 1187 683 1290 686 1393 689 1496 693 1599 696 1702 699 1805 703 1908 707 2011 710 2114 713 2217 716 2320 717 2423 719 2526 720 2629 722 2733 722" 
                    HPOS="668"
                    VPOS="587"
                    WIDTH="2062"
                    HEIGHT="154">
            <Shape><Polygon POINTS="2092 618 2088 618 2085 618 2000 645 1931 614 1900 614 1370 629 1305 599 1301 599 1121 595 1117 595 1113 595 1109 595 1075 625 1009 625 948 591 944 591 760 587 756 587 752 587 672 614 672 672 668 706 2722 741 2730 721 2730 668 2415 660 2361 633 2357 633 2353 633 2280 648 2231 625 2227 625 2223 625 2131 645 2100 618 2092 618"/></Shape>
	    <String CONTENT="aux dépens. A l&#x27;appel de la cause les parties ne comparurent "
                    HPOS="668"
                    VPOS="587"
                    WIDTH="2062"
                    HEIGHT="154"></String>
          </TextLine>

          
          
          <TextLine ID="r1l6"
                    
                    BASELINE="645 770 750 770 856 771 961 773 1067 774 1173 776 1278 779 1384 781 1489 785 1595 788 1701 790 1806 794 1912 797 2017 800 2123 803 2229 806 2334 809 2440 812 2545 813 2651 815 2757 816" 
                    HPOS="637"
                    VPOS="675"
                    WIDTH="2116"
                    HEIGHT="169">
            <Shape><Polygon POINTS="2330 718 2292 718 2288 718 2277 729 2269 733 2062 733 2027 725 1981 710 1946 710 1908 710 1870 706 1831 706 1793 702 1754 702 1716 702 1678 698 1589 718 1566 721 1559 718 1536 695 1524 695 1509 691 1382 714 1370 714 1355 714 1182 683 1178 683 1044 706 1025 710 1006 706 833 675 829 675 825 675 821 675 783 698 718 675 714 675 710 675 706 675 641 698 641 768 637 802 2745 844 2753 814 2745 737 2407 741 2369 729 2334 718 2330 718"/></Shape>
	    <String CONTENT="pas et la cause fut rayée du rôle d&#x27;audience. Suivant autre exploit "
                    HPOS="637"
                    VPOS="675"
                    WIDTH="2116"
                    HEIGHT="169"></String>
          </TextLine>

          
          
          <TextLine ID="r1l7"
                    
                    BASELINE="660 866 764 866 868 867 972 869 1076 870 1181 873 1285 875 1389 878 1493 881 1597 884 1702 888 1806 890 1910 894 2014 896 2118 899 2223 900 2327 903 2431 903 2535 905 2639 905 2744 903" 
                    HPOS="652"
                    VPOS="771"
                    WIDTH="2089"
                    HEIGHT="150">
            <Shape><Polygon POINTS="2653 817 2615 814 2611 814 2580 829 2568 833 2238 829 2219 821 2158 806 2154 806 2115 802 2085 802 2046 817 2035 825 1916 825 1912 817 1889 794 1885 794 1847 794 1808 794 1797 791 1762 794 1758 794 1754 794 1754 798 1739 814 1731 817 1720 814 1655 791 1655 791 1620 791 1551 810 1532 814 1516 810 1447 783 1443 783 1440 783 1436 783 1432 783 1405 806 1401 810 1386 806 1282 779 1278 779 1271 779 1232 779 1194 779 1098 779 1094 779 1090 779 1086 779 1052 798 1025 779 1025 775 1021 775 1017 775 1013 775 1009 775 967 798 959 802 956 798 917 779 913 779 910 779 906 779 867 798 863 798 837 775 837 771 833 771 829 771 825 771 821 771 756 794 741 798 656 794 656 863 652 887 2734 921 2741 902 2741 833 2684 817 2653 817"/></Shape>
	    <String CONTENT="du ministère de fontaine, huissier à Paris, en date du vingt six mai "
                    HPOS="652"
                    VPOS="771"
                    WIDTH="2089"
                    HEIGHT="150"></String>
          </TextLine>

          
          
          <TextLine ID="r1l8"
                    
                    BASELINE="663 957 772 959 881 960 991 962 1100 965 1210 968 1319 970 1428 974 1538 977 1647 980 1757 983 1866 986 1976 989 2085 990 2194 992 2304 993 2413 993 2523 993 2632 992 2742 990" 
                    HPOS="656"
                    VPOS="871"
                    WIDTH="2085"
                    HEIGHT="158">
            <Shape><Polygon POINTS="2695 906 2691 906 2580 917 2488 906 2465 906 2426 906 2388 906 2373 906 2353 921 2219 921 2131 917 2112 898 2081 898 2042 898 2023 894 1835 910 1816 890 1812 890 1785 890 1724 910 1704 890 1704 887 1697 887 1658 887 1620 887 1605 883 1562 887 1221 902 1190 883 1178 875 1175 875 1171 875 1167 875 1163 875 1144 883 1105 898 1090 883 1082 875 1079 875 1075 875 1071 875 1021 883 929 894 902 879 890 871 887 871 883 871 879 871 660 875 660 956 656 986 2488 1029 2492 1029 2737 1009 2741 986 2730 906 2695 906"/></Shape>
	    <String CONTENT="mil huit cent cinquante huit, visé pour timbre et enregistré à "
                    HPOS="656"
                    VPOS="871"
                    WIDTH="2085"
                    HEIGHT="158"></String>
          </TextLine>

          
          
          <TextLine ID="r1l9"
                    
                    BASELINE="636 1053 742 1055 848 1056 954 1058 1060 1060 1166 1062 1272 1065 1378 1067 1484 1070 1590 1071 1696 1074 1802 1076 1908 1079 2014 1080 2120 1082 2226 1083 2332 1083 2438 1085 2544 1083 2650 1083 2757 1082" 
                    HPOS="629"
                    VPOS="967"
                    WIDTH="2124"
                    HEIGHT="138">
            <Shape><Polygon POINTS="2680 990 2676 990 2492 1009 2453 1013 2449 1009 2438 994 2434 994 2403 994 2361 1006 2353 1009 2346 1006 2315 994 2284 994 2269 1006 2261 1009 2219 1002 2127 990 2123 990 1985 998 1847 1006 1797 994 1751 983 1747 983 1708 983 1701 983 1639 990 1543 1002 1505 986 1478 975 1474 975 1470 975 1409 983 1347 994 1286 983 1236 971 1232 971 1228 971 1224 971 1224 975 1217 979 1205 990 1186 979 1175 971 1171 971 1167 971 1163 971 1071 975 848 990 633 967 633 1052 629 1086 2745 1105 2753 1079 2749 1017 2684 990 2680 990"/></Shape>
	    <String CONTENT="Paris, en date du vingt sept Mai mil huit cent cinquante huit "
                    HPOS="629"
                    VPOS="967"
                    WIDTH="2124"
                    HEIGHT="138"></String>
          </TextLine>

          
          
          <TextLine ID="r1l10"
                    
                    BASELINE="660 1152 765 1152 870 1152 975 1152 1081 1154 1186 1154 1291 1157 1397 1158 1502 1161 1607 1163 1713 1166 1818 1169 1923 1171 2028 1173 2134 1176 2239 1178 2344 1179 2450 1181 2555 1181 2660 1181 2766 1181" 
                    HPOS="652"
                    VPOS="1071"
                    WIDTH="2112"
                    HEIGHT="142">
            <Shape><Polygon POINTS="2296 1086 2292 1086 2288 1086 2196 1105 2177 1109 2158 1105 2077 1082 2073 1082 2069 1082 1958 1102 1931 1105 1923 1102 1896 1082 1893 1082 1889 1082 1885 1082 1881 1082 1839 1098 1697 1079 1693 1079 1689 1079 1655 1098 1651 1098 1647 1098 1570 1075 1566 1075 1562 1075 1474 1094 1451 1102 1274 1102 1263 1090 1240 1071 1236 1071 1232 1071 1228 1071 1152 1090 1125 1094 1098 1086 1040 1071 1036 1071 1032 1071 656 1079 656 1152 652 1182 2757 1213 2764 1178 2764 1117 2572 1117 2568 1113 2549 1094 2549 1090 2545 1090 2542 1090 2538 1090 2346 1109 2323 1109 2319 1109 2300 1090 2300 1086 2296 1086"/></Shape>
	    <String CONTENT="en débet de un franc vingt cinq centimes, folio dix neuf case un, "
                    HPOS="652"
                    VPOS="1071"
                    WIDTH="2112"
                    HEIGHT="142"></String>
          </TextLine>

          
          
          <TextLine ID="r1l11"
                    
                    BASELINE="642 1250 747 1250 852 1251 957 1253 1063 1254 1168 1256 1273 1257 1379 1260 1484 1263 1589 1265 1695 1268 1800 1269 1905 1272 2010 1274 2116 1275 2221 1277 2326 1277 2432 1277 2537 1277 2642 1277 2748 1275" 
                    HPOS="637"
                    VPOS="1155"
                    WIDTH="2108"
                    HEIGHT="150">
            <Shape><Polygon POINTS="2407 1182 2373 1182 2357 1198 2346 1205 2315 1198 2257 1182 2254 1182 2250 1182 2246 1182 2196 1194 2158 1205 2131 1194 2081 1175 2062 1175 2054 1171 2031 1194 2019 1205 1912 1205 1896 1194 1866 1171 1831 1171 1793 1167 1762 1167 1658 1194 1635 1198 1628 1190 1597 1167 1597 1163 1593 1163 1589 1163 1585 1163 1582 1163 1524 1182 1497 1159 1486 1159 1393 1175 1236 1155 1217 1155 1178 1155 1140 1155 1102 1155 1063 1155 1025 1155 986 1155 971 1155 967 1155 963 1155 959 1155 910 1186 906 1190 802 1190 802 1186 771 1159 771 1155 768 1155 764 1155 760 1155 641 1182 641 1248 637 1274 2737 1305 2745 1274 2741 1201 2457 1209 2438 1198 2415 1182 2407 1182"/></Shape>
	    <String CONTENT="signé : L. Drevon Les époux Jonquet firent citer la demoiselle "
                    HPOS="637"
                    VPOS="1155"
                    WIDTH="2108"
                    HEIGHT="150"></String>
          </TextLine>

          
          
          <TextLine ID="r1l12"
                    
                    BASELINE="638 1346 744 1346 850 1346 956 1346 1062 1347 1169 1349 1275 1350 1381 1352 1487 1355 1593 1356 1700 1358 1806 1360 1912 1362 2018 1364 2124 1365 2231 1365 2337 1367 2443 1367 2549 1365 2655 1365 2762 1364" 
                    HPOS="633"
                    VPOS="1251"
                    WIDTH="2127"
                    HEIGHT="135">
            <Shape><Polygon POINTS="2711 1278 2672 1278 2634 1278 2630 1278 2438 1294 2353 1297 1996 1282 1739 1271 1712 1271 1689 1267 1651 1267 1635 1267 1597 1267 1559 1263 1520 1263 1482 1263 1443 1263 1409 1267 1294 1286 1271 1267 1267 1263 1267 1259 1263 1259 1259 1259 1251 1259 1213 1259 1175 1259 1140 1259 1136 1259 1132 1259 1125 1263 1071 1286 1017 1259 1006 1255 1002 1255 998 1255 959 1259 729 1282 641 1251 637 1344 633 1374 2753 1386 2760 1363 2760 1297 2737 1274 2737 1271 2734 1271 2730 1271 2726 1271 2711 1271 2711 1278"/></Shape>
	    <String CONTENT="Lucas à comparaître par devant le dit conseil séant en Bureau Général "
                    HPOS="633"
                    VPOS="1251"
                    WIDTH="2127"
                    HEIGHT="135"></String>
          </TextLine>

          
          
          <TextLine ID="r1l13"
                    
                    BASELINE="651 1433 755 1435 860 1437 965 1439 1070 1442 1175 1443 1280 1445 1384 1446 1489 1448 1594 1448 1699 1449 1804 1451 1909 1451 2014 1452 2118 1453 2223 1454 2328 1454 2433 1455 2538 1455 2643 1457 2748 1457" 
                    HPOS="645"
                    VPOS="1347"
                    WIDTH="2100"
                    HEIGHT="139">
            <Shape><Polygon POINTS="2611 1367 2607 1367 2530 1390 2522 1390 2522 1386 2496 1367 2492 1367 2488 1367 2484 1367 2184 1382 2077 1386 2069 1378 2058 1367 2031 1367 2008 1363 1931 1378 1896 1382 1889 1374 1873 1363 1839 1363 1823 1359 1712 1370 1639 1378 1597 1370 1524 1355 1520 1355 1463 1367 1413 1378 1382 1367 1344 1351 1340 1351 1336 1351 1251 1363 1186 1374 1167 1363 1155 1351 1152 1351 1148 1351 875 1347 871 1347 867 1347 844 1355 810 1370 771 1355 752 1347 748 1347 744 1347 741 1347 714 1355 668 1367 660 1351 648 1432 645 1466 2737 1486 2745 1455 2741 1393 2615 1367 2611 1367"/></Shape>
	    <String CONTENT="le vendredi vingt huit Mai mil huit cent cinquante huit pour, "
                    HPOS="645"
                    VPOS="1347"
                    WIDTH="2100"
                    HEIGHT="139"></String>
          </TextLine>

          
          
          <TextLine ID="r1l14"
                    
                    BASELINE="662 1530 767 1532 873 1533 978 1536 1084 1538 1190 1539 1295 1541 1401 1542 1507 1542 1612 1544 1718 1545 1824 1547 1929 1547 2035 1548 2141 1550 2246 1550 2352 1551 2458 1551 2563 1553 2669 1553 2775 1554" 
                    HPOS="656"
                    VPOS="1440"
                    WIDTH="2116"
                    HEIGHT="157">
            <Shape><Polygon POINTS="2484 1455 2465 1455 2426 1455 2388 1455 2350 1455 2334 1455 2323 1466 2304 1482 2219 1482 2192 1466 2169 1455 2158 1455 2119 1455 2081 1455 2042 1455 2008 1451 1985 1466 1962 1478 1800 1478 1739 1466 1655 1451 1620 1451 1601 1451 1486 1466 1436 1470 1428 1466 1405 1447 1390 1447 1351 1447 1313 1447 1274 1443 1244 1443 1182 1466 1175 1466 1167 1466 1090 1443 1082 1443 1059 1440 1009 1466 1002 1466 986 1466 856 1440 852 1440 660 1463 660 1528 656 1574 837 1555 887 1578 890 1578 894 1578 1186 1562 1205 1578 1205 1582 1209 1582 1213 1582 1217 1582 1221 1582 1228 1582 1290 1562 1459 1582 1512 1585 1516 1585 1520 1585 1524 1585 1528 1582 1551 1562 1643 1562 1735 1582 1777 1589 1781 1589 1823 1582 1889 1570 2177 1570 2188 1582 2196 1589 2196 1593 2200 1593 2204 1593 2208 1593 2261 1582 2307 1574 2380 1582 2492 1597 2496 1597 2768 1582 2772 1551 2764 1466 2538 1482 2507 1466 2488 1455 2484 1455"/></Shape>
	    <String CONTENT="en procèdant sur une précédente citation du Ministère de Potin, huissier "
                    HPOS="656"
                    VPOS="1440"
                    WIDTH="2116"
                    HEIGHT="157"></String>
          </TextLine>

          
          
          <TextLine ID="r1l15"
                    
                    BASELINE="657 1631 760 1631 864 1632 968 1634 1072 1635 1176 1636 1279 1637 1383 1639 1487 1640 1591 1641 1695 1643 1798 1644 1902 1646 2006 1646 2110 1647 2214 1647 2317 1647 2421 1647 2525 1647 2629 1647 2733 1646" 
                    HPOS="652"
                    VPOS="1543"
                    WIDTH="2078"
                    HEIGHT="127">
            <Shape><Polygon POINTS="656 1628 652 1670 2726 1670 2730 1643 2718 1559 2653 1582 2588 1559 2576 1555 2572 1555 2449 1555 2446 1555 2442 1555 2438 1555 2434 1559 2403 1585 2219 1585 2165 1559 2150 1555 2146 1555 2142 1555 2073 1562 1923 1578 1904 1562 1896 1555 1896 1551 1893 1551 1889 1551 1885 1551 1881 1551 1858 1562 1827 1582 1708 1582 1685 1562 1670 1551 1666 1551 1662 1551 1658 1551 1486 1562 1355 1574 1344 1566 1328 1551 1324 1551 1320 1551 1317 1551 1313 1551 1278 1566 1263 1570 1251 1566 1190 1543 1186 1543 1182 1543 860 1562 741 1543 737 1543 733 1543 729 1543 729 1547 706 1566 702 1570 656 1570 656 1628"/></Shape>
	    <String CONTENT="à Paris, en date du vingt avril dernier, Ouïr adjuger à leur profit "
                    HPOS="652"
                    VPOS="1543"
                    WIDTH="2078"
                    HEIGHT="127"></String>
          </TextLine>

          
          
          <TextLine ID="r1l16"
                    
                    BASELINE="669 1725 773 1728 878 1730 982 1731 1087 1733 1191 1734 1296 1736 1400 1737 1505 1739 1609 1739 1714 1740 1819 1740 1923 1742 2028 1742 2132 1742 2237 1742 2341 1742 2446 1742 2550 1740 2655 1740 2760 1739" 
                    HPOS="664"
                    VPOS="1655"
                    WIDTH="2093"
                    HEIGHT="119">
            <Shape><Polygon POINTS="668 1724 664 1751 2749 1774 2757 1735 2749 1655 668 1655 668 1724"/></Shape>
	    <String CONTENT="le bénifice des conclusions prises par eux dans l&#x27;exploit du vingt avril "
                    HPOS="664"
                    VPOS="1655"
                    WIDTH="2093"
                    HEIGHT="119"></String>
          </TextLine>

          
          
          <TextLine ID="r1l18"
                    
                    BASELINE="629 1923 736 1923 843 1925 950 1925 1058 1925 1165 1926 1272 1926 1380 1926 1487 1926 1594 1926 1702 1926 1809 1926 1916 1928 2023 1928 2131 1928 2238 1929 2345 1929 2453 1931 2560 1932 2667 1934 2775 1935" 
                    HPOS="622"
                    VPOS="1831"
                    WIDTH="2150"
                    HEIGHT="135">
            <Shape><Polygon POINTS="625 1919 622 1958 2764 1966 2772 1931 2772 1858 2757 1843 2757 1839 2753 1839 2749 1839 2745 1839 2630 1862 2484 1843 2480 1843 2077 1862 2050 1862 2023 1862 1582 1835 1578 1835 1574 1835 1570 1835 1570 1839 1547 1862 1401 1862 1324 1831 1320 1831 1317 1831 817 1854 683 1831 679 1831 675 1831 625 1854 625 1919"/></Shape>
	    <String CONTENT="frais de la première Citation. Les Parties n&#x27;ayant pas comparu régulièrement "
                    HPOS="622"
                    VPOS="1831"
                    WIDTH="2150"
                    HEIGHT="135"></String>
          </TextLine>

          
          
          <TextLine ID="r1l19"
                    
                    BASELINE="630 2021 737 2022 845 2024 953 2024 1060 2025 1168 2025 1276 2025 1383 2025 1491 2025 1599 2025 1707 2025 1814 2025 1922 2025 2030 2025 2137 2025 2245 2025 2353 2027 2460 2028 2568 2029 2676 2031 2784 2033" 
                    HPOS="625"
                    VPOS="1927"
                    WIDTH="2159"
                    HEIGHT="138">
            <Shape><Polygon POINTS="2088 1931 2050 1931 2012 1931 1973 1931 1935 1931 1896 1927 1858 1927 1820 1927 1804 1927 1800 1927 1797 1927 1731 1950 1727 1950 1320 1950 1320 1946 1294 1927 1290 1927 1286 1927 1282 1927 1278 1927 1274 1927 1244 1946 1240 1950 1032 1950 1032 1946 1009 1927 975 1927 936 1927 933 1927 629 1943 629 2019 625 2050 1593 2062 1597 2062 1601 2062 1605 2062 1624 2050 1631 2042 1674 2050 1766 2062 1770 2062 1774 2062 1823 2046 1843 2042 1862 2046 1908 2062 1912 2062 1916 2062 2215 2046 2250 2046 2261 2046 2400 2065 2403 2065 2407 2065 2411 2065 2434 2046 2438 2046 2780 2046 2784 2031 2784 1958 2108 1931 2088 1931"/></Shape>
	    <String CONTENT="la cause fut remise au Vendredi quatre juin. A l&#x27;appel de la cause "
                    HPOS="625"
                    VPOS="1927"
                    WIDTH="2159"
                    HEIGHT="138"></String>
          </TextLine>

          
          
          <TextLine ID="r1l20"
                    
                    BASELINE="642 2120 749 2121 857 2122 964 2123 1072 2123 1179 2123 1287 2123 1394 2123 1502 2123 1609 2123 1717 2121 1825 2121 1932 2120 2040 2120 2147 2120 2255 2120 2362 2118 2470 2118 2577 2120 2685 2120 2793 2120" 
                    HPOS="641"
                    VPOS="2027"
                    WIDTH="2150"
                    HEIGHT="131">
            <Shape><Polygon POINTS="2522 2031 2476 2046 2465 2050 2423 2046 2196 2027 2192 2027 2019 2042 1927 2050 1900 2042 1866 2027 1862 2027 1831 2027 1793 2027 1754 2027 1716 2027 1678 2027 1639 2027 1601 2027 1562 2027 1524 2027 1516 2027 1512 2027 1509 2027 1505 2027 1505 2031 1497 2035 1482 2050 1201 2031 1155 2031 1152 2031 1125 2031 860 2050 833 2027 829 2027 825 2027 641 2027 641 2119 641 2158 2791 2158 2791 2119 2791 2054 2607 2054 2603 2050 2553 2031 2522 2031"/></Shape>
	    <String CONTENT="le Vendredi quatre Juin les époux Jonquet se présentèrent et conclurent "
                    HPOS="641"
                    VPOS="2027"
                    WIDTH="2150"
                    HEIGHT="131"></String>
          </TextLine>

          
          
          <TextLine ID="r1l21"
                    
                    BASELINE="674 2222 778 2222 882 2220 986 2219 1091 2219 1195 2219 1299 2217 1404 2217 1508 2217 1612 2216 1717 2216 1821 2216 1925 2216 2029 2214 2134 2214 2238 2214 2342 2214 2447 2213 2551 2213 2655 2211 2760 2211" 
                    HPOS="668"
                    VPOS="2119"
                    WIDTH="2089"
                    HEIGHT="127">
            <Shape><Polygon POINTS="2396 2119 2357 2119 2319 2119 2300 2119 2215 2135 2181 2142 2161 2138 2119 2123 2088 2123 2073 2123 2058 2138 2046 2146 2015 2138 1969 2123 1966 2123 1962 2123 1958 2123 1954 2123 1939 2138 1935 2142 1931 2138 1912 2123 1896 2123 1858 2123 1820 2123 1781 2123 1743 2123 1704 2123 1666 2123 1628 2123 1589 2123 1551 2123 1512 2123 1374 2142 1309 2150 1278 2142 1213 2123 1209 2123 1205 2123 1201 2123 1198 2123 1198 2127 1178 2142 1171 2154 1090 2154 1071 2142 1013 2123 1009 2123 1006 2123 817 2146 768 2150 756 2146 710 2123 706 2123 702 2123 698 2123 695 2123 668 2138 672 2219 672 2246 2753 2231 2757 2208 2749 2135 2457 2142 2446 2135 2426 2119 2396 2119"/></Shape>
	    <String CONTENT="à ce qu&#x27;il plut au Bureau Général du dit Conseil leur adjuger "
                    HPOS="668"
                    VPOS="2119"
                    WIDTH="2089"
                    HEIGHT="127"></String>
          </TextLine>

          
          
          <TextLine ID="r1l22"
                    
                    BASELINE="653 2315 759 2315 865 2313 971 2313 1077 2313 1183 2313 1289 2313 1395 2313 1501 2313 1607 2315 1713 2315 1819 2315 1925 2315 2031 2315 2137 2315 2243 2313 2349 2312 2455 2310 2561 2309 2667 2306 2774 2303" 
                    HPOS="648"
                    VPOS="2215"
                    WIDTH="2124"
                    HEIGHT="138">
            <Shape><Polygon POINTS="1520 2219 1516 2219 1512 2219 1455 2242 1432 2250 1386 2242 1305 2227 1301 2227 1297 2227 1255 2242 1221 2254 1198 2242 1171 2227 1167 2227 1163 2227 1159 2227 1125 2242 1098 2254 1086 2242 1067 2227 1067 2223 1063 2223 1059 2223 1056 2223 648 2238 652 2311 652 2353 1950 2353 1950 2350 2150 2330 2188 2330 2250 2330 2661 2346 2664 2346 2768 2323 2772 2300 2760 2246 2622 2246 2618 2242 2592 2219 2592 2215 2588 2215 2584 2215 2580 2215 2576 2215 2572 2215 2538 2242 2530 2246 2492 2242 2300 2227 2296 2227 2292 2227 2246 2242 2238 2246 2231 2242 2181 2219 2177 2219 2173 2219 2069 2242 2031 2250 1946 2242 1781 2227 1777 2227 1685 2242 1639 2250 1605 2242 1524 2219 1520 2219"/></Shape>
	    <String CONTENT="les bénifice des Conclusions par eux prises dans l&#x27;exploit en date du "
                    HPOS="648"
                    VPOS="2215"
                    WIDTH="2124"
                    HEIGHT="138"></String>
          </TextLine>

          
          
          <TextLine ID="r1l23"
                    
                    BASELINE="647 2414 753 2414 860 2414 967 2414 1074 2414 1181 2414 1287 2414 1394 2414 1501 2414 1608 2414 1715 2414 1821 2412 1928 2412 2035 2412 2142 2411 2249 2409 2355 2408 2462 2406 2569 2405 2676 2402 2783 2399" 
                    HPOS="641"
                    VPOS="2311"
                    WIDTH="2139"
                    HEIGHT="138">
            <Shape><Polygon POINTS="2369 2311 2330 2315 2292 2315 2254 2315 2223 2315 2219 2323 2211 2330 2200 2323 2192 2315 2177 2315 2138 2315 2100 2315 2062 2315 2046 2315 2031 2323 2000 2334 1762 2323 1635 2315 1631 2315 1628 2315 1616 2319 1585 2334 1443 2319 1382 2315 1378 2315 1347 2319 1255 2338 1209 2319 1198 2315 1194 2315 1190 2315 1136 2319 902 2342 641 2319 645 2411 645 2449 2776 2438 2780 2396 2768 2327 2588 2330 2572 2323 2545 2311 2542 2311 2538 2311 2472 2323 2434 2330 2423 2323 2403 2311 2369 2311"/></Shape>
	    <String CONTENT="vingt avril mil huit Cent Cinquante huit et condamner la demoiselle "
                    HPOS="641"
                    VPOS="2311"
                    WIDTH="2139"
                    HEIGHT="138"></String>
          </TextLine>

          
          
          <TextLine ID="r1l24"
                    
                    BASELINE="642 2505 750 2508 859 2510 968 2511 1077 2511 1186 2511 1295 2511 1404 2510 1513 2510 1622 2508 1731 2507 1839 2505 1948 2504 2057 2502 2166 2502 2275 2501 2384 2501 2493 2499 2602 2501 2711 2501 2820 2502" 
                    HPOS="637"
                    VPOS="2411"
                    WIDTH="2181"
                    HEIGHT="134">
            <Shape><Polygon POINTS="1201 2415 1198 2415 1194 2415 1194 2419 1186 2423 1167 2442 1029 2423 1025 2423 1021 2423 1017 2423 817 2442 637 2419 641 2503 641 2542 2810 2545 2818 2499 2814 2438 2776 2411 2772 2411 2768 2411 2764 2411 2760 2411 2691 2442 2688 2442 2684 2442 2607 2419 2603 2419 2599 2419 2472 2438 2446 2442 2434 2438 2388 2415 2384 2415 2380 2415 2376 2415 2315 2438 2296 2442 2277 2438 2204 2415 2200 2415 2196 2415 2027 2434 1946 2442 1927 2430 1912 2419 1908 2419 1904 2419 1900 2419 1896 2419 1893 2419 1881 2430 1866 2442 1512 2426 1205 2415 1201 2415"/></Shape>
	    <String CONTENT="Lucas aux dépens. De son côté la demoiselle Lucas se présenta et "
                    HPOS="637"
                    VPOS="2411"
                    WIDTH="2181"
                    HEIGHT="134"></String>
          </TextLine>

          
          
          <TextLine ID="r1l25"
                    
                    BASELINE="632 2609 739 2610 847 2610 955 2610 1062 2609 1170 2609 1278 2607 1385 2607 1493 2606 1601 2604 1709 2603 1816 2601 1924 2600 2032 2598 2139 2597 2247 2595 2355 2594 2462 2594 2570 2592 2678 2591 2786 2591" 
                    HPOS="625"
                    VPOS="2499"
                    WIDTH="2159"
                    HEIGHT="142">
            <Shape><Polygon POINTS="2584 2499 2545 2499 2507 2499 2469 2499 2430 2499 2426 2499 2423 2499 2419 2499 2392 2507 2338 2522 2231 2507 2192 2503 2188 2503 2184 2503 2181 2503 2177 2507 2150 2530 1893 2530 1873 2515 1873 2511 1870 2511 1866 2511 1847 2507 1816 2507 1777 2507 1739 2507 1708 2507 1704 2507 1701 2507 1697 2511 1651 2534 1443 2534 952 2515 948 2515 944 2515 940 2515 910 2538 844 2515 840 2515 625 2515 629 2607 629 2641 2784 2626 2784 2588 2776 2507 2626 2522 2599 2507 2592 2499 2584 2499"/></Shape>
	    <String CONTENT="conclut à ce qu&#x27;il plut au Bureau Général dudit Conseil attendu que "
                    HPOS="625"
                    VPOS="2499"
                    WIDTH="2159"
                    HEIGHT="142"></String>
          </TextLine>

          
          
          <TextLine ID="r1l26"
                    
                    BASELINE="645 2706 752 2705 859 2703 966 2703 1073 2702 1180 2700 1287 2700 1394 2699 1501 2699 1608 2697 1715 2697 1822 2697 1929 2696 2036 2696 2143 2694 2250 2694 2357 2693 2464 2693 2571 2691 2678 2691 2786 2690" 
                    HPOS="637"
                    VPOS="2599"
                    WIDTH="2147"
                    HEIGHT="131">
            <Shape><Polygon POINTS="1720 2603 1716 2603 1712 2603 1708 2603 1689 2618 1681 2622 1658 2618 1601 2607 1597 2607 1593 2607 1589 2607 1589 2611 1578 2618 1562 2634 1340 2622 1098 2611 1059 2611 1021 2611 983 2611 944 2611 906 2611 898 2611 894 2611 890 2611 817 2630 787 2638 760 2630 695 2611 691 2611 687 2611 683 2611 637 2630 641 2703 641 2726 2718 2730 2722 2730 2726 2730 2784 2707 2784 2688 2772 2603 2684 2626 2603 2603 2580 2599 2576 2599 2572 2599 2568 2599 2565 2599 2557 2603 2522 2626 2434 2607 2411 2603 2407 2603 2403 2603 2400 2603 2396 2607 2357 2630 2027 2630 2004 2615 1996 2607 1996 2603 1992 2603 1989 2603 1985 2603 1870 2615 1797 2622 1770 2615 1724 2603 1720 2603"/></Shape>
	    <String CONTENT="lorsqu&#x27;elle se présenta chez la dame Jonquet pour y livrer les bonnets par "
                    HPOS="637"
                    VPOS="2599"
                    WIDTH="2147"
                    HEIGHT="131"></String>
          </TextLine>

          
          
          <TextLine ID="r1l27"
                    
                    BASELINE="662 2810 769 2808 876 2807 983 2806 1090 2805 1197 2804 1304 2802 1411 2801 1518 2801 1625 2799 1733 2798 1840 2796 1947 2796 2054 2795 2161 2793 2268 2793 2375 2793 2482 2792 2589 2792 2696 2792 2804 2792" 
                    HPOS="656"
                    VPOS="2691"
                    WIDTH="2147"
                    HEIGHT="154">
            <Shape><Polygon POINTS="2538 2691 2534 2691 2530 2691 2476 2707 2434 2714 2388 2707 2330 2695 2307 2695 2292 2695 2234 2707 2165 2718 2096 2707 2031 2695 2015 2695 2004 2707 1989 2718 1969 2707 1958 2699 1923 2699 1912 2699 1854 2707 1789 2714 1770 2707 1751 2699 1731 2699 1720 2699 1712 2707 1685 2722 1628 2707 1608 2703 1605 2703 1601 2703 1597 2703 1593 2703 1589 2707 1566 2726 1336 2726 1313 2707 1305 2699 1271 2699 1255 2707 1186 2730 1036 2730 994 2707 983 2703 979 2703 975 2703 971 2703 952 2707 894 2726 656 2711 660 2807 664 2845 744 2826 1678 2837 1681 2837 1685 2837 1743 2818 2795 2830 2803 2791 2795 2707 2622 2714 2588 2707 2542 2691 2538 2691"/></Shape>
	    <String CONTENT="elle confectionnés elle ne se refusa pas à faire les rectifications qui lui "
                    HPOS="656"
                    VPOS="2691"
                    WIDTH="2147"
                    HEIGHT="154"></String>
          </TextLine>

          
          
          <TextLine ID="r1l28"
                    
                    BASELINE="638 2909 744 2906 850 2904 957 2901 1063 2900 1169 2898 1276 2897 1382 2895 1488 2892 1595 2891 1701 2889 1807 2888 1914 2886 2020 2885 2126 2885 2233 2883 2339 2882 2445 2880 2552 2880 2658 2879 2765 2879" 
                    HPOS="633"
                    VPOS="2795"
                    WIDTH="2131"
                    HEIGHT="154">
            <Shape><Polygon POINTS="2592 2795 2553 2795 2515 2795 2476 2795 2457 2795 2327 2810 2277 2814 2265 2810 2246 2795 2246 2795 2223 2795 2208 2810 2204 2810 2181 2810 2012 2795 2008 2795 2004 2795 1973 2810 1946 2822 1870 2810 1793 2799 1789 2799 1785 2799 1781 2799 1770 2810 1754 2818 1639 2810 1512 2803 1509 2803 1505 2803 1486 2810 1447 2826 1378 2810 1367 2810 1363 2810 1347 2810 1221 2830 1186 2810 1182 2810 1178 2810 1175 2810 1171 2810 1167 2810 1105 2830 979 2810 959 2810 956 2810 952 2810 948 2810 887 2837 633 2814 637 2906 637 2949 737 2929 1032 2941 1159 2945 1163 2945 1167 2945 1194 2937 1248 2922 1344 2933 1409 2941 1413 2941 2764 2899 2764 2876 2760 2810 2607 2795 2592 2795"/></Shape>
	    <String CONTENT="furent signalées ; qu&#x27;au contraire, ces rectifications on été faites "
                    HPOS="633"
                    VPOS="2795"
                    WIDTH="2131"
                    HEIGHT="154"></String>
          </TextLine>

          
          
          <TextLine ID="r1l29"
                    
                    BASELINE="660 3005 767 3003 875 3002 982 2999 1090 2997 1198 2996 1305 2994 1413 2991 1521 2990 1628 2988 1736 2986 1844 2985 1951 2983 2059 2982 2167 2981 2274 2979 2382 2979 2490 2979 2597 2979 2705 2979 2813 2979" 
                    HPOS="652"
                    VPOS="2880"
                    WIDTH="2158"
                    HEIGHT="157">
            <Shape><Polygon POINTS="656 3002 656 3037 2810 3006 2810 2976 2803 2880 2691 2903 2522 2887 2519 2887 2515 2887 2511 2887 2484 2906 2027 2891 1996 2891 1992 2891 1989 2891 1985 2891 1985 2895 1966 2910 1697 2895 1655 2895 1651 2895 1647 2895 1639 2895 1555 2918 652 2914 656 3002"/></Shape>
	    <String CONTENT="et les bonnets offerts à nouveau à la dame Jonquet qui les refusa, "
                    HPOS="652"
                    VPOS="2880"
                    WIDTH="2158"
                    HEIGHT="157"></String>
          </TextLine>

          
          
          <TextLine ID="r1l30"
                    
                    BASELINE="642 3105 750 3102 858 3101 966 3099 1075 3096 1183 3095 1291 3092 1399 3090 1508 3087 1616 3086 1724 3084 1832 3083 1941 3080 2049 3078 2157 3078 2265 3077 2374 3075 2482 3075 2590 3075 2698 3075 2807 3075" 
                    HPOS="637"
                    VPOS="2979"
                    WIDTH="2166"
                    HEIGHT="146">
            <Shape><Polygon POINTS="2595 2979 2592 2979 2588 2979 2584 2979 2580 2979 2580 2983 2557 3002 2484 2987 2480 2987 2476 2987 2472 2987 2453 3006 2449 3006 2430 3006 2265 2983 2261 2983 2150 3006 2131 3014 2054 3014 2050 3010 2031 2991 2031 2987 2027 2987 2023 2987 2019 2987 2015 2987 1954 3010 1943 3014 1927 3010 1877 2991 1873 2991 1870 2991 1866 2991 1862 2991 1835 3010 1827 3014 1774 3010 1501 2995 1497 2995 1493 2995 1447 3014 1432 3022 1386 3014 1290 3002 1286 3002 1182 3018 1128 3025 1109 3018 1067 3002 1063 3002 1059 3002 1056 3002 1021 3018 1006 3025 959 3022 848 3006 844 3006 840 3006 810 3022 794 3029 783 3022 756 3010 752 3010 748 3010 637 3022 641 3102 641 3125 2799 3106 2803 3072 2799 3002 2680 2983 2676 2983 2672 2983 2630 3002 2599 2979 2595 2979"/></Shape>
	    <String CONTENT="attendu que le prix de la façon des dits bonnets est de deux francs "
                    HPOS="637"
                    VPOS="2979"
                    WIDTH="2166"
                    HEIGHT="146"></String>
          </TextLine>

          
          
          <TextLine ID="r1l31"
                    
                    BASELINE="642 3198 751 3198 860 3198 969 3197 1078 3197 1187 3195 1296 3194 1405 3192 1514 3189 1623 3188 1732 3186 1841 3183 1950 3182 2059 3180 2168 3179 2277 3177 2386 3176 2495 3176 2604 3174 2713 3176 2822 3176" 
                    HPOS="637"
                    VPOS="3079"
                    WIDTH="2181"
                    HEIGHT="150">
            <Shape><Polygon POINTS="1497 3087 1493 3087 1440 3114 1432 3121 1178 3121 1167 3118 1090 3095 1059 3098 1044 3098 998 3118 986 3121 944 3118 798 3102 791 3102 752 3102 714 3102 695 3102 637 3118 641 3194 641 3229 2814 3194 2818 3175 2814 3106 2407 3079 2403 3079 2400 3079 2323 3106 2311 3110 2304 3106 2227 3083 2223 3083 2219 3083 2215 3083 2169 3110 2161 3114 1908 3114 1904 3110 1816 3087 1812 3087 1808 3087 1804 3087 1800 3087 1774 3110 1758 3098 1758 3095 1754 3095 1751 3095 1501 3087 1497 3087"/></Shape>
	    <String CONTENT="Chaque et qu&#x27;elle en a confectionné quatre, ce qui établit que la dame "
                    HPOS="637"
                    VPOS="3079"
                    WIDTH="2181"
                    HEIGHT="150"></String>
          </TextLine>

          
          
          <TextLine ID="r1l32"
                    
                    BASELINE="641 3297 749 3299 857 3300 965 3299 1074 3299 1182 3296 1290 3293 1399 3290 1507 3287 1615 3283 1724 3279 1832 3276 1940 3273 2048 3270 2157 3269 2265 3269 2373 3269 2482 3270 2590 3273 2698 3277 2807 3282" 
                    HPOS="637"
                    VPOS="3179"
                    WIDTH="2166"
                    HEIGHT="154">
            <Shape><Polygon POINTS="2438 3179 2400 3179 2361 3179 2323 3179 2284 3179 2269 3179 2265 3179 2261 3179 2254 3183 2200 3210 2177 3187 2177 3183 2173 3183 2169 3183 2165 3183 2161 3183 2158 3183 2127 3210 2058 3183 2054 3183 2050 3183 2046 3183 2042 3183 2023 3183 1873 3210 1727 3187 1716 3187 1712 3187 1708 3187 1704 3187 1655 3217 1351 3217 1286 3194 1286 3194 1248 3194 1232 3194 1171 3217 929 3198 925 3198 806 3217 744 3198 710 3198 691 3198 668 3217 641 3194 637 3294 637 3333 1297 3313 1336 3329 1340 3329 1344 3329 1347 3329 1351 3329 1378 3310 1451 3329 1455 3329 1459 3329 1466 3329 1685 3310 1923 3325 1927 3325 1931 3325 1981 3306 2280 3321 2284 3321 2288 3321 2361 3302 2741 3302 2795 3321 2803 3279 2791 3179 2726 3206 2688 3179 2684 3179 2680 3179 2476 3179 2438 3179"/></Shape>
	    <String CONTENT="Jonquet est sa débitrice de la somme de huit francs contre le paiement "
                    HPOS="637"
                    VPOS="3179"
                    WIDTH="2166"
                    HEIGHT="154"></String>
          </TextLine>

          
          
          <TextLine ID="r1l33"
                    
                    BASELINE="659 3401 762 3399 866 3399 969 3398 1073 3396 1176 3393 1280 3392 1383 3389 1487 3386 1590 3384 1694 3381 1797 3378 1901 3376 2004 3374 2108 3371 2211 3369 2315 3368 2418 3366 2522 3365 2625 3365 2729 3365" 
                    HPOS="652"
                    VPOS="3271"
                    WIDTH="2074"
                    HEIGHT="169">
            <Shape><Polygon POINTS="2503 3271 2292 3298 2246 3306 2150 3306 2146 3298 2123 3279 2119 3279 2115 3279 2112 3279 2000 3302 1973 3306 1943 3302 1858 3290 1854 3290 1762 3306 1724 3310 1674 3306 1539 3294 1536 3294 1413 3310 1344 3317 1294 3310 1201 3298 1198 3298 1194 3298 1190 3298 1167 3313 1155 3321 652 3321 656 3398 660 3440 710 3421 1032 3432 1109 3432 1113 3432 2722 3386 2726 3363 2722 3294 2507 3271 2503 3271"/></Shape>
	    <String CONTENT="de laquelle elle offre de remettre la dentelle et les bonnets. Pour ces "
                    HPOS="652"
                    VPOS="3271"
                    WIDTH="2074"
                    HEIGHT="169"></String>
          </TextLine>

          
          
          <TextLine ID="r1l34"
                    
                    BASELINE="647 3498 759 3498 872 3497 984 3495 1097 3494 1209 3491 1322 3489 1435 3486 1547 3483 1660 3480 1772 3477 1885 3474 1997 3473 2110 3470 2223 3468 2335 3468 2448 3468 2560 3468 2673 3470 2786 3473" 
                    HPOS="641"
                    VPOS="3371"
                    WIDTH="2143"
                    HEIGHT="161">
            <Shape><Polygon POINTS="1532 3386 1528 3386 1524 3386 1520 3394 1505 3406 1470 3394 1447 3386 1443 3386 1440 3386 1436 3386 1432 3386 1424 3394 1401 3409 1370 3394 1359 3390 1355 3390 1351 3390 1347 3390 1328 3394 1278 3417 1098 3417 1082 3402 1075 3394 1063 3398 1025 3398 1009 3402 956 3413 944 3402 936 3398 910 3398 871 3398 833 3402 794 3402 779 3402 641 3406 645 3494 648 3528 725 3509 764 3528 771 3532 775 3532 779 3532 848 3528 1036 3513 1397 3525 1497 3525 1501 3525 1505 3525 1509 3525 1509 3521 1543 3498 1704 3498 1727 3517 1727 3521 1731 3521 1735 3521 1739 3521 1743 3521 1747 3521 1781 3498 1812 3521 1816 3521 1820 3521 1823 3521 1847 3521 2015 3498 2042 3517 2046 3521 2050 3521 2054 3521 2058 3521 2062 3521 2069 3517 2108 3498 2200 3513 2204 3513 2461 3490 2776 3509 2784 3471 2768 3371 2730 3398 2595 3375 2588 3375 2584 3375 2580 3375 2576 3375 2553 3398 2507 3379 2503 3379 2499 3379 2496 3379 2461 3398 2430 3379 2430 3375 2426 3375 2423 3375 2419 3375 2415 3375 2411 3375 2411 3379 2380 3402 2292 3383 2288 3383 2284 3383 2242 3406 1912 3406 1881 3386 1877 3383 1873 3383 1870 3383 1866 3383 1862 3383 1858 3383 1858 3386 1854 3386 1835 3406 1620 3390 1536 3386 1532 3386"/></Shape>
	    <String CONTENT="motifs - Déclarer les époux Jonquet nonrecevables en leurs demandes. "
                    HPOS="641"
                    VPOS="3371"
                    WIDTH="2143"
                    HEIGHT="161"></String>
          </TextLine>

          
          
          <TextLine ID="r1l35"
                    
                    BASELINE="623 3596 731 3597 839 3597 947 3597 1055 3596 1163 3594 1271 3591 1380 3588 1488 3587 1596 3583 1704 3581 1812 3578 1920 3575 2028 3572 2137 3570 2245 3569 2353 3569 2461 3569 2569 3569 2677 3572 2786 3575" 
                    HPOS="618"
                    VPOS="3479"
                    WIDTH="2166"
                    HEIGHT="153">
            <Shape><Polygon POINTS="944 3498 940 3498 936 3498 933 3498 887 3521 879 3528 618 3528 622 3594 622 3624 729 3609 791 3628 806 3632 810 3632 814 3632 940 3628 1240 3613 1301 3624 1332 3628 1336 3628 1374 3624 1509 3601 1574 3621 1585 3624 1589 3624 1593 3624 1616 3621 1716 3598 1754 3621 1758 3621 1762 3621 1766 3621 1770 3621 1777 3621 1866 3598 1966 3617 1969 3617 1973 3617 1977 3617 2054 3594 2273 3613 2277 3613 2480 3590 2780 3609 2784 3571 2780 3494 2419 3479 2415 3479 2411 3479 2407 3479 2407 3482 2388 3498 2380 3505 2369 3498 2346 3482 2342 3482 2338 3482 2334 3482 2196 3502 2131 3509 2065 3502 1904 3486 1900 3486 1896 3486 1847 3505 1827 3513 1793 3509 1670 3486 1666 3486 1432 3513 1393 3517 1386 3513 1344 3490 1340 3490 1336 3490 1332 3490 1271 3517 1259 3521 1240 3517 1171 3498 1167 3498 1163 3498 994 3521 983 3521 948 3498 944 3498"/></Shape>
	    <String CONTENT="Les en débouter comme mal fondés ; La recevoir reconventionnellement "
                    HPOS="618"
                    VPOS="3479"
                    WIDTH="2166"
                    HEIGHT="153"></String>
          </TextLine>

          
          
          <TextLine ID="r1l36"
                    
                    BASELINE="654 3695 757 3695 861 3695 965 3695 1069 3693 1173 3690 1277 3689 1381 3686 1485 3683 1589 3680 1693 3677 1796 3674 1900 3671 2004 3668 2108 3666 2212 3663 2316 3662 2420 3662 2524 3662 2628 3663 2732 3665" 
                    HPOS="648"
                    VPOS="3571"
                    WIDTH="2082"
                    HEIGHT="172">
            <Shape><Polygon POINTS="2561 3571 2557 3571 2553 3571 2549 3571 2476 3590 2369 3575 2365 3575 2361 3575 2357 3575 2357 3578 2338 3598 2330 3601 2273 3598 2108 3578 2104 3578 2100 3578 2062 3598 2054 3601 2042 3598 2004 3578 2000 3578 1996 3578 1992 3578 1954 3598 1939 3605 1931 3598 1919 3586 1919 3582 1916 3582 1912 3582 1908 3582 1797 3598 1751 3601 1743 3598 1727 3582 1724 3582 1720 3582 1716 3582 1712 3582 1708 3582 1693 3598 1674 3609 1647 3598 1624 3586 1620 3586 1616 3586 1612 3586 1608 3586 1608 3590 1601 3598 1582 3617 1370 3617 1267 3598 1248 3594 1224 3594 1213 3594 1209 3598 1178 3617 1109 3598 1098 3594 1094 3594 1090 3594 1086 3594 1082 3594 1082 3598 1040 3621 979 3605 975 3605 971 3605 783 3624 648 3598 652 3694 652 3743 898 3743 898 3740 902 3740 913 3736 956 3717 1209 3724 1378 3732 1382 3732 1386 3732 1416 3720 1463 3701 1489 3717 1497 3724 1501 3724 1505 3724 1509 3724 1566 3717 1681 3697 1704 3713 1716 3724 1720 3724 1724 3724 1727 3728 1827 3728 1827 3724 1831 3724 1885 3709 1946 3690 2039 3690 2058 3701 2077 3717 2081 3717 2085 3717 2088 3717 2092 3717 2154 3701 2211 3686 2730 3686 2730 3663 2726 3598 2607 3598 2565 3571 2561 3571"/></Shape>
	    <String CONTENT="demanderesse ; Condamner les dits époux Jonquet à lui payer "
                    HPOS="648"
                    VPOS="3571"
                    WIDTH="2082"
                    HEIGHT="172"></String>
          </TextLine>

          
          
          <TextLine ID="r1l37"
                    
                    BASELINE="672 3791 778 3792 885 3792 992 3792 1099 3791 1205 3788 1312 3785 1419 3782 1526 3779 1632 3775 1739 3771 1846 3768 1953 3765 2059 3762 2166 3761 2273 3759 2380 3759 2486 3759 2593 3762 2700 3765 2807 3771" 
                    HPOS="668"
                    VPOS="3663"
                    WIDTH="2135"
                    HEIGHT="169">
            <Shape><Polygon POINTS="2653 3663 2649 3663 2645 3663 2572 3690 2545 3663 2511 3663 2472 3663 2434 3663 2419 3663 2346 3697 2311 3667 2311 3663 2307 3663 2304 3663 2300 3663 2296 3663 2211 3686 2177 3663 2173 3663 2169 3663 2165 3663 2161 3663 2077 3682 1985 3667 1973 3671 1935 3671 1916 3671 1816 3705 1808 3705 1800 3705 1678 3674 1666 3678 1628 3678 1589 3678 1578 3678 1509 3697 1432 3686 1397 3686 1393 3686 1355 3709 1347 3713 994 3713 990 3713 963 3694 936 3697 925 3697 890 3713 887 3717 668 3717 672 3790 672 3832 975 3832 975 3828 979 3828 983 3828 1029 3805 1370 3824 1409 3824 1413 3824 1416 3824 1424 3824 1524 3797 1735 3820 1751 3820 1754 3820 1800 3820 2384 3790 2795 3809 2803 3770 2795 3697 2722 3697 2718 3697 2657 3663 2653 3663"/></Shape>
	    <String CONTENT="avec intérêts suivant la loi la somme de huit francs et les condamner "
                    HPOS="668"
                    VPOS="3663"
                    WIDTH="2135"
                    HEIGHT="169"></String>
          </TextLine>

          
          
          <TextLine ID="r1l38"
                    
                    BASELINE="639 3890 746 3891 854 3890 961 3889 1069 3887 1177 3885 1284 3882 1392 3881 1500 3876 1607 3874 1715 3871 1823 3867 1930 3866 2038 3863 2146 3860 2253 3858 2361 3857 2469 3855 2576 3855 2684 3857 2792 3857" 
                    HPOS="633"
                    VPOS="3770"
                    WIDTH="2158"
                    HEIGHT="177">
            <Shape><Polygon POINTS="1094 3793 1067 3793 633 3820 637 3889 637 3947 802 3943 806 3943 810 3943 810 3939 833 3920 1036 3935 1040 3935 1044 3935 1048 3935 1086 3909 1144 3935 1148 3935 1152 3935 1155 3935 1159 3935 1198 3912 1486 3924 1489 3924 1493 3924 1555 3901 1647 3928 1655 3928 1658 3928 1662 3928 1666 3928 1670 3928 1670 3924 1704 3893 1774 3916 1777 3916 1781 3916 1785 3916 1843 3889 2015 3889 2035 3905 2035 3909 2039 3909 2042 3909 2046 3909 2050 3909 2131 3886 2204 3912 2211 3916 2215 3916 2219 3916 2223 3916 2234 3912 2315 3882 2376 3901 2380 3901 2384 3901 2388 3901 2392 3901 2419 3882 2511 3897 2515 3901 2515 3897 2622 3878 2641 3893 2641 3897 2645 3897 2649 3897 2653 3897 2657 3897 2734 3878 2780 3901 2791 3855 2784 3782 2469 3793 2438 3786 2376 3770 2373 3770 2369 3770 2365 3770 2361 3770 2330 3790 2323 3793 2304 3790 2231 3774 2227 3774 2223 3774 2219 3774 2200 3790 2188 3801 2065 3801 1885 3797 1424 3786 1420 3786 1416 3786 1355 3809 1340 3813 1297 3809 1128 3790 1094 3793"/></Shape>
	    <String CONTENT="aux dépens. Points de droit — Doit-on dire et ordonner que dans "
                    HPOS="633"
                    VPOS="3770"
                    WIDTH="2158"
                    HEIGHT="177"></String>
          </TextLine>

          
          
          <TextLine ID="r1l39"
                    
                    BASELINE="630 3980 739 3983 848 3986 957 3986 1066 3986 1175 3986 1284 3984 1393 3983 1502 3980 1611 3977 1720 3974 1829 3971 1938 3968 2047 3965 2156 3962 2265 3959 2374 3957 2483 3954 2592 3954 2701 3953 2811 3953" 
                    HPOS="625"
                    VPOS="3866"
                    WIDTH="2185"
                    HEIGHT="169">
            <Shape><Polygon POINTS="629 3978 629 4035 710 4035 710 4031 714 4031 718 4031 718 4028 741 4008 825 4031 833 4031 837 4031 840 4031 844 4031 848 4031 906 4008 929 4028 929 4031 933 4031 936 4031 940 4031 944 4031 952 4028 1017 4005 1036 4024 1040 4024 1044 4024 1117 4028 1244 4028 1248 4028 1282 4024 1478 4001 1547 4020 1555 4024 1559 4024 1562 4024 1566 4024 1570 4024 1570 4020 1589 4005 1685 4020 1697 4020 1701 4020 1704 4020 1708 4020 1739 3997 1839 4012 1843 4012 1847 4012 1850 4012 1881 3989 1927 4008 1931 4008 1935 4008 2031 3989 2054 4008 2058 4008 2062 4008 2065 4008 2196 3985 2465 4001 2469 4001 2472 4001 2476 4001 2499 3985 2519 4001 2522 4001 2526 4001 2530 4001 2745 3982 2803 4005 2810 3951 2807 3874 2611 3866 2607 3866 2534 3874 2369 3897 2300 3878 2273 3870 2269 3870 2265 3870 2261 3870 2238 3878 2204 3889 2184 3878 2181 3874 2177 3874 2173 3874 2169 3874 2165 3874 2161 3874 2158 3878 2127 3905 1935 3905 1893 3882 1873 3874 1870 3874 1866 3874 1862 3874 1839 3882 1774 3909 1578 3909 1555 3886 1551 3882 1547 3882 1543 3882 1539 3882 1536 3882 1524 3886 1486 3901 1470 3886 1466 3886 1466 3882 1463 3882 1459 3882 1455 3882 1451 3882 1440 3886 1393 3909 1248 3893 1244 3893 1240 3893 1159 3912 625 3897 629 3978"/></Shape>
	    <String CONTENT="le jour du jugement à intervenir la demoiselle Lucas sera tenue "
                    HPOS="625"
                    VPOS="3866"
                    WIDTH="2185"
                    HEIGHT="169"></String>
          </TextLine>

          
          
          <TextLine ID="r1l40"
                    
                    BASELINE="675 4089 779 4089 883 4089 987 4088 1091 4086 1195 4084 1299 4082 1403 4079 1507 4076 1611 4073 1716 4070 1820 4067 1924 4064 2028 4061 2132 4058 2236 4056 2340 4055 2444 4053 2548 4053 2652 4053 2757 4055" 
                    HPOS="668"
                    VPOS="3962"
                    WIDTH="2085"
                    HEIGHT="162">
            <Shape><Polygon POINTS="1870 3970 1866 3970 1862 3970 1858 3970 1835 3989 1727 3974 1724 3974 1570 4001 1559 4001 1547 4001 1455 3982 1436 3982 1416 3982 1359 4001 1136 3989 1132 3989 1128 3989 1056 4008 1052 4008 1006 3989 975 3989 952 4008 890 3989 887 3989 883 3989 879 3989 802 4012 798 4012 729 3989 725 3989 721 3989 718 3989 668 4008 672 4085 672 4124 2749 4081 2753 4051 2749 3982 2350 3962 2346 3962 2077 3993 2050 3993 2046 3993 2023 3970 2019 3970 2015 3970 1896 3970 1870 3970"/></Shape>
	    <String CONTENT="de restituer à la dame Jonquet les dentelles que celle-ci lui a remises "
                    HPOS="668"
                    VPOS="3962"
                    WIDTH="2085"
                    HEIGHT="162"></String>
          </TextLine>

          
          
          <TextLine ID="r1l41"
                    
                    BASELINE="654 4193 754 4196 855 4197 955 4199 1056 4199 1157 4197 1257 4197 1358 4196 1459 4193 1559 4191 1660 4188 1761 4185 1861 4182 1962 4180 2063 4178 2163 4175 2264 4173 2365 4173 2465 4172 2566 4173 2667 4173" 
                    HPOS="648"
                    VPOS="4070"
                    WIDTH="2016"
                    HEIGHT="219">
            <Shape><Polygon POINTS="1455 4078 1451 4078 1447 4078 1301 4112 1294 4112 1286 4112 1128 4093 1125 4093 1121 4093 1044 4116 1036 4116 1032 4116 952 4093 948 4093 944 4093 768 4116 733 4089 725 4089 702 4089 648 4112 652 4189 652 4243 733 4239 744 4243 817 4285 821 4285 825 4289 1052 4289 1052 4285 1056 4285 1140 4239 1155 4235 1267 4235 1274 4239 1320 4281 1324 4281 1328 4281 1332 4285 1455 4285 1455 4281 1674 4235 1701 4231 1900 4231 1904 4231 1958 4273 1962 4273 1966 4273 1969 4277 2031 4277 2031 4273 2035 4273 2039 4273 2039 4270 2065 4247 2092 4270 2092 4273 2096 4273 2100 4273 2104 4277 2231 4277 2231 4273 2234 4273 2238 4273 2238 4270 2277 4227 2284 4224 2319 4227 2461 4250 2465 4250 2469 4250 2526 4227 2538 4224 2661 4224 2664 4170 2657 4101 2572 4101 2568 4101 2542 4074 2542 4070 2538 4070 2534 4070 2530 4070 2430 4089 2315 4070 2311 4070 2307 4070 2304 4070 2250 4104 2242 4104 2184 4104 2085 4101 2054 4074 2050 4074 2046 4074 2042 4074 2039 4074 1931 4104 1870 4074 1866 4074 1862 4074 1858 4074 1754 4108 1751 4108 1747 4108 1681 4078 1678 4078 1674 4078 1670 4078 1585 4104 1559 4081 1559 4078 1555 4078 1551 4078 1493 4078 1455 4078"/></Shape>
	    <String CONTENT="pour être employées à la confection de divers bonnets, Sinon la condamner "
                    HPOS="648"
                    VPOS="4070"
                    WIDTH="2016"
                    HEIGHT="219"></String>
          </TextLine>

          
        </TextBlock>
        
      </PrintSpace>
    </Page>
  </Layout>
</alto>
