4608 3072
1582 350 1881 149 Général jugeant en dernier ressort ; Condamne Ritaud,

1553 445 1946 154 Fleury et compagnie à payer solidairement et avec intérêts

1536 532 1976 161 suivant la loi à Weltzer et Quiviez la somme de quatre francs,

1543 627 1953 153 à chacun d'eux, pour salaire ; Les Condamne à leur payer

1525 737 1989 118 en outre à chacun la somme de Cinq francs pour indenmité

1523 821 1973 149 du temps qu'il leur ont fait perdre à ce jour par le refut de leur

1525 919 1943 130 remettre leur Livret signé ; Dit et ordonne que les sieurs

1510 1006 1974 146 Ritaud, Fleury et compagnie remettront à chacun des

1523 1105 1989 144 demandeurs leur livret signé à la sortie et ce, dans la journée

1528 1200 1986 156 du dix neuf Juin mil huit cent Cinquante huit, sinon et faute

1505 1297 2004 146 par eux de ce faire dans le dit jour ; Les condamne dès à présen

1523 1395 1986 135 à leur payer solidairement et à chacun d'eux la somme de

1525 1500 1971 138 deux francs par chaque jour qu'ils tarderont à effectuer cette

1515 1576 1999 154 remise ; Condamne Ritaud Fleury et Compagnie aux dépens

1495 1679 2014 138 taxés et liquidés envers les demandeurs à la somme de six francs

1477 1771 2030 143 Cinquante six centimes et à celle de un franc soixante dix centim

1484 1871 2033 143 envers le Trésor Public pour le papier timbré de la présente minute

1515 1968 1976 144 le papier timbré et l'enregistrement de la citation, Conformément à

1510 2071 2007 130 la loi du sept Août mil huit cent Cinquante, ence, non compris le cout

1502 2163 2007 143 du présent jugement, la signification d'icelui et ses suites.

1533 2263 1546 169 Ainsi jugé les jour mois et an que dessus.
