4608 3072
1505 437 2309 159 a somme qui lui revient à ce titre ; attendu que la somme de vingt

1489 555 2343 141 quatre francs pour le prix de quatre journées n’est pas contesté ; attendu

1520 655 2314 133 que  dans l’espèce il y a bien d’accorder délais à Borne pour payer la somme

1520 750 2314 148 totale de ces deux sommes. Par ces motif - Le Bureau Général jugeant

1441 860 2365 133 en dernier ressort -  Condamne Borne à payer à Boyer la

1492 975 2312 115 somme de soixante quatorze francs, se composant de celle de

1505 1072 2314 128 cinquante francs pour le prix d’apprentissage, et de celle de

1515 1187 2289 100 vingt quatre francs pour quatre journées de travail  à raison de

1515 1282 2327 131 six francs ; Fixé le paiement de cette somme au cinq février

1502 1387 2338 133 mil huit cent cinquante huit ; Déboute Boyer du surplus de sa

1500 1507 2352 113 demande ; Condamner Borne aux dépens taxés et liquidés envers le

1492 1610 2378 118 demandeur à la somme de soixante centimes, et à celle de un francien vers le

1489 1712 2386 131 Trésor Public, pour le papier timbré de la présente minute, conformément à la

1482 1825 2411 148 loi du sept aout mil huit cent cinquante, ence, non compris le cout du présent

1502 1935 2366 169 jugement, la signification  d’celui et ses suites. Ainsi jugé les jour, mois

1487 2048 578 197 et an que dessus.
