4608 3072
1507 253 2166 123 en paiement d'une indemnité pour temps perdu ? que doit-il être

1497 345 2156 131 statué à l'égard des dépens ? Après avoir entendu les parties en leurs

1512 445 2171 131 demandes et conclusions respectivement et en avoir délibéré conformément

1523 555 2086 120 à la loi ; Attendu qu'il résulte des explications fournies par les

1512 652 2164 121 parties à l'audience que les demandeurs sont entrés dans les ateliers

1512 750 2184 125 des defendeurs pour y travailler en qualité d'ouvriers fileurs ; que dans

1525 852 2176 131 le cours de la deuxième journée ils ont déclaré aux défendeurs ne

1510 949 2145 136 pouvoir conduire le métier qui leur était Confié et avoir l'intention

1533 1059 2179 133 de se retirer de suite ; Que les défendeurs se sont opposés à ce retrait

1515 1152 2186 148 par tous les moyens en leur pouvoir ; qu'ils ont refusé de payer le

1500 1254 2186 148 prix de leurs travaux pendant ces deux jours et de leur remettre leur

1525 1338 2125 157 livret signé ; Attendu que s'il est d'usage que les Patrons

1536 1446 2178 154 et ouvriers de certaines industries doivent de prévenir mutuellement

1533 1553 2155 159 un certain laps de temps lorsq à l'avance, lorsqu'ils sont pour

1538 1664 2179 140 se quitter, cet usage ne peut être appliqué à des ouvriers n'étant

1541 1753 2109 161 n'ayant pas travaillé un certain temps restés que quelques jours

1533 1845 2166 167 dans la fabrique ou atelier à moins qu'ils aient déjà été employés

1543 1937 2107 169 dans cette même fabrique, que les usages leur soient commis et

1546 2040 2099 179 que les fabricants connaissent leurs capacités et leur moralité ;

1551 2150 2125 169 Qu'il est d'usage, au contraire, que la semaine de Congé n'est

1561 2242 2156 192 due, soit par le Patron, soit par l'ouvrier, que lorsque l'ouvrier

1564 2347 2142 154 a passé au moins une quinzaine de jours dans la fabrique ou

1571 2434 2074 184 il est admis à travailler ; que jusques là il reste libre de se retirer

1569 2539 2130 169 comme le fabricant est libre de le remercier sans qu'il soit besoin,

1551 2626 2125 187 par l'un ou par l'autre, de prévenir aucun temps à l'avance ;

1584 2726 2066 164 Attendu que Weltzer et Quivriez n'étant restés que deux jours dans

1576 2810 2143 192 la fabrique des défendeurs étaient dans leur droit de refuser la continuation
