4608 3072
1896 532 820 141 Du dit jour vingt neuf Janvier

1341 611 2035 157 Entre Madame Marie René, veuve du sieur Louis

1313 716 2063 154 Emile Reymont, demeurant et domicilié à Paris, rue du faubourg

1295 826 2091 144 Saint Antoine, numéro trois, agissant au non et comme chargé de

1300 921 2079 143 l’administration de la personne et des biens de son fils mineur,

1308 1021 2078 164 Joseph Reymond, apprenti ; Demanderesse ; Comparant ; D’une

1297 1131 2097 143 part ; Et Monsieur Louis Bonnefoy, tapissier, demeurant et

1326 1236 2071 123 domicilié à Paris, rue des fossés saint Bernard, numéro six ;

1326 1313 2060 156 Défendeur ; Comparant ; D’autre part ; Point de fait –

1305 1415 2099 159 Par lettre du secrétaire du Conseil de Prud’hommes du Département

1308 1538 2096 136 de la Seine pour l’industrie des tissus en date du Vendredi onze

1305 1625 2104 164 Décembre mil huit cent cinquante sept Bonnefoy fit citer la dame

1315 1730 2112 156 veuve Reymont à comparaître pardevant le dit Conseil séant en Bureau

1308 1845 2127 136 Particulier le samedi douze Décembre mil huit cent cinquante sept

1282 1953 2145 143 pour se concilier si faire se pouvait sur la demande qu’il entendait

1315 2060 2117 141 former contre elle devant le dit Conseil en exécution de Convention verbale

1313 2158 2119 179 d’apprentissage. A l’appel de la cause Bonnefoy se présenta et exposa au

1285 2268 2158 138 Conseil que suivant convention verbale en date du premier juillet mil

1310 2365 2130 154 huit cent cinquante sept la veuve Reymont a placé chez lui en tant

1300 2457 2148 200 d’apprenti, son fils mineur Joseph pour deux ans et demis à partir du dit

1295 2570 2155 161 jour ; que depuis quelques jours et sans motifs plausibles elle le lui a

1323 2667 2145 172 retiré. De son coté la veuve Reymont se présenta et exposa au Conseil

1305 2777 2151 179 qu’il n’a jamais consenti à laisser son fils chez Bonnefoy pendant deux ans

1323 2887 2053 174 et demi, que les conventions ont été faite pour deux années ; que Bonnefoy
