4608 3072
2058 1576 868 126 Du dit jour cinq février

1315 1674 2591 158 Entre madame Rose Gonzales, ouvrière, épouse assistée et autorisée

1297 1794 2591 164 du sieur Léon Viedenloecher, et ce dernier demeurant ensemble les

1295 1902 2629 176 dits époux, à Montmartre près Paris, rue Lévis numéro six ; Demandeurs ;

1280 2030 2672 156 Comparant ; D’une part ; Et Madame veuve Seurat et mademoiselle

1326 2142 2621 167 Seurat, sa fille blanchisseuse associée, demeurant  et domiciliées à Montmartre

1326 235 2465 143 vingt centimes, et à celle de soixante quinze centimes envers le Trésor

1331 345 2445 143 public pour le papier timbré de la présente minute conformément à la

1310 453 2478 140 loi du sept aout mil huit cen cinquante, ence, non compris le cout du

1313 563 2496 184 présent jugement, la signification et ses suites. Ainsi jugé

1315 665 1316 195 les jours, mois et an que dessus
