3072 4608
1455 172 779 158 Dudit jour onze Juin

725 253 2070 196 Entre Madame Alphonsine Bourbault, Couturière en

683 376 2127 184 robes, épouse assistée et autorisée du sieur Louis Camille Chardon

687 472 2123 176 et ce dernier demeurant et domiciliés ensemble, les dits époux, à Paris,

675 576 2135 168 rue des Trois Pavillons, numéro six ; Demandeurs; Comparant ;

672 672 2150 180 D'une part ; Et Monsieur Levinslin, demeurant à Paris, rue

691 768 2112 165 Pavée, numéro huit, agissant au nom et comme chargé de

683 871 2135 161 l'administration de la personne et des biens de sa fille mineur

695 967 2108 177 Fanny Levinslin ; apprentie ; Défendeur ; Comparant ;

668 1056 2158 184 D'autre part ; Point de fait — Par lettres du secrétaire du Conseil

668 1171 2142 157 de Prud'hommes du Département de la Seine pour l'industrie des

687 1271 2139 161 Tissus en dates des Mardi vingt cinq et Mercredi Vingt six Mai

648 1370 2170 169 Mil huit Cent Cinquante huit les époux Chardon firent citer

664 1478 2173 161 Levinslin, es noms et qualités qu'il agit, à Comparaître par devant

645 1578 2165 157 ledit conseil de Prud'hommes séant en Bureaux Particuliers les

664 1678 2166 161 Mercredi Vingt six et Samedi vingt neuf Mai mil huit Cent cinquante

652 1777 2181 177 huit pour se Concilier si faire se pouvait sur la demande qu'ils entendait

660 1889 2177 150 former Contre lui devant ledit Conseil en éxécution de Convention

660 1992 2177 146 verbales d'apprentissage. Levinslin n'ayant pas comparu la

648 2096 2185 138 cause fut renvoyée devant le Bureau Général dudit conseil

645 2200 2192 153 séant le vendredi quatre juin mil huit Cent Cinquante huit Cite

664 2304 2177 153 pour ledit jour quatre Juin par lettre du secrétaire du Conseil

660 2411 2177 131 de Prud'hommes en date du samedi vingt neuf Mai Levinslin

637 2511 2212 127 ne Comparut pas. Les époux Chardon obtinrent du Président

645 2615 2208 153 du Conseil l'autorisation de le faire citer par exploit d'huissier

645 2718 2192 131 suivant exploit de Potin, huissier à Paris, en date du sept Juin

537 2818 2304 142 mil huit Cent Cinquante huit, visé pour timbre et Enregistré à Paris

625 2929 2208 119 le huit Mai mil huit cent cinquante huit, en débet de un franc

610 3048 2250 127 Vingt cinq centimes, folio trente cinq, case un, signé; L. Drevon

629 3133 2216 150 les époux Chardon firent citer Levinslin, ès noms qu'il agit, à comparaître

625 3237 2208 146 par devant le Bureau Général séant le dit jour onze juin pour,

629 3340 2216 123 ouïr dire et ordonner qu'il sera tenu de, dans lejour du jugement

648 3440 2189 146 à intervenir, faire rentrer sa fille dans les ateliers de Madame Chardon

625 3544 2220 161 pour y continuer son apprentissage fait pour un an à partir du mois

641 3651 2223 154 de Décembre mil huit cent cinquante, sinon que les conventions verbales

637 3759 2193 119 dudit apprentissage seront et demeureront résolues et qu'il sera

622 3851 2227 134 tenu de leur payer la somme de Cent francs à titre d'indemnités

622 3962 2162 135 plus, à payer telle indemnité qu'il plaira au Conseil fixer pour

587 4062 2250 169 perte de temps, réquérant intérêts et dépens. A l'appel de la cause

625 4166 2201 161 les époux Chardon se présentèrent et conclurent à ce qu'il plut au

606 4266 2220 192 Bureau Général du dit Conseil Dire et ordonner que dans le jour
