3072 4608
1340 303 668 123 Dudit jour onze Juin

691 376 2077 184 Entre Madame Anne Prichy, épouse assistée et autorisée

652 495 2132 153 du sieur Auguste Claude, et ce dernier, la dite dame ouvrière,

637 587 2127 154 demeurant ensemble, les dits époux, à Belleville près Paris,

641 691 2127 149 rue de Paris, numéro cent deux ; Demandeurs comparant par

641 787 2066 161 le sieur Claude ; D'une part ; Et Mademoiselle Reis,

648 890 2139 154 fabricante de Chapeaux de paille, demeurant et domiciliée à Paris,

664 986 2123 154 rue Meslay, numéro vingt sept ; Défenderesse ; Comparante ;

633 1090 2151 150 D'autre part ; Point de fait — Par lettres du secrétaire du Conseil de

637 1190 2158 157 Prud'hommes du Département de la Seine pour l'industrie des tissus

641 1290 2139 146 en dates des Jeudi vingt sept et Samedi vingt neuf Mai mil

637 1390 2166 153 huit Cent Cinquante huit les époux Claude firent citer la demoiselle

648 1493 2143 146 Reis à Comparaître pardevant ledit conseil de Prud'hommes séant

652 1593 2147 150 en Bureaux Particuliers les Samedi vingt neuf et Lundi trente

645 1697 2127 146 un Mai mil huit Cent Cinquante huit pour se concilier si faire se

625 1797 2170 149 pouvait sur la demande qu'ils entendaient former contre elle devant

652 1900 2139 146 ledit conseil en paiement de la somme de vingt deux francs cinquante

633 2000 2162 150 centimes qu'elle leur doit pour prix de travaux de la dame Claude

633 2100 2116 157 pour son compte et d'après ses ordres. La demoiselle Reis

629 2211 2151 135 n'ayant pas comparu la cause fut renvoyée devant le Bureau

641 2311 2154 146 Général du dit Conseil séant le vendredi quatre Juin mil huit

641 2415 2196 142 Cent Cinquante huit et ajournée au vendredi onze juin même mois

637 2515 2150 138 Citée pour le dit jour onze juin par exploit de Potin, huissier à Paris

648 2618 2151 146 en date du Cinq Juin mil huit cent cinquante huit, visé pour

625 2722 2189 142 timbre et enregistré à Paris le sept juin mil huit cent cinquante

622 2822 2162 157 huit, en débet de soixante dix centimes, folio Trente trois, case

637 2918 2131 154 neuf signé : L. Drevon la demoiselle Reis comparut.

641 3025 2127 139 A l'appel de la cause Claude se présenta et conclut à ce qu'il

602 3125 2212 158 plut au Bureau Général dudit conseil condamner la demoiselle

610 3233 2200 157 Reis à lui payer avec intérêts suivant la loi la somme de vingt deux

633 3329 2177 173 francs cinquante centimes qu'elle lui doit pour prix de travaux

622 3436 2173 162 faits par sa femme pour son compte et d'après ses ordres, plus

645 3540 2169 157 une indemnité pour le préjudice de perte de temps qu'elle leur

652 3647 2151 146 a fait éprouver en ne comparaissant pas devant les Bureaux

625 3736 2178 169 du Conseil et les dépens. De son coté la demoiselle Reis se

637 3843 2158 139 présenta et conclut à ce qu'il plut au Bureau Général du

625 3939 2162 169 dit Conseil attendu qu'elle reconnait devoir la somme de

622 4047 2185 157 Vingt deux francs cinquante centimes qui lui est réclamée

622 4143 2158 157 Mais, attendu qu'elle ne peut payer en ce moment et offre

625 4247 2197 161 de payer par à comptes ; Par ces motifs — Déclarer Claude non

614 4346 2196 181 recevable en sa demande , Lui accorder termes et délais pour
