3072 4608
1543 226 691 131 Dudit jour Onze Juin

806 276 2089 242 Entre Madame Pauline Trouillard, Veuve du sieur Joseph

814 418 2066 188 Pierre Angevert,demeurant à Paris, rue Montmartre, numéro

791 499 2096 199 quatre Vingt douze, agissant au nom et comme chargée de l'administration

802 606 2078 185 des biens et de la personne de sa fille mineure Pauline angevert

791 702 2085 185 ouvrière Lingère ; Demanderesse ; Comparant ; D'une part ;

791 794 2085 185 Et Monsieur et Madame Massiquois, ledit sieur Massiquois

775 890 2116 185 tant en son nom personnel que pour assister et autoriser la dame son

794 983 2089 176 épouse, Lingère, demeurant et domiciliés ensemble, les dits époux

798 1082 2074 208 à Paris, rue saint Denis, numéro Cent quatre vingt dix ;

779 1171 2097 207 Défendeurs ; Défaillants ; D'autre part ; Point de fait — Par

764 1290 2112 180 lettres du secrétaire du Conseil de Prud'hommes du Département

760 1382 2127 188 de la Seine pour l'industrie des tissus en dates des mardi vingt

756 1482 2124 192 Cinq et Mercredi Vingt six mai mil huit cent cinquante huit la veuve

764 1578 2108 199 Angevert, ès noms et qualités qu'elle agit, fit citer les époux Massiquois

752 1670 2131 200 à comparaître par devant le dit Conseil de Prud'hommes séant en

752 1789 2120 184 Bureaux Particuliers les Mercredi vingt six et Samedi vingt neuf

768 1873 2104 192 Mai mil huit Cent Cinquante huit pour se concilier si faire se pouvait

756 1977 2100 184 sur la demande qu'elle entendait former contre eux devant le dit

760 2073 2108 196 Conseil en paiement de la somme de huit francs Cinquante Centimes

737 2177 2135 188 qu'ils lui doivent pour prix de travaux de sa fille et en restitution

744 2280 2112 181 d'un bonnet retenu indument. Les époux Massiquois n'ayant

744 2373 2120 188 pas comparu la cause fut renvoyée devant le Bureau Général

737 2472 2116 185 dudit Conseil séant le vendredi quatre Juin mil huit cent cinquante

718 2565 2138 192 huit et ajournée au vendredi onze juin même mois. Par exploit

733 2672 2127 192 de Potin, huissier à Paris en dette du cinq Juin mil huit cent cinquante

698 2760 2155 204 huit, visé pour timbre et enregistré à Paris le sept Mai mil

718 2860 2146 200 huit Cent Cinquante huit, en débet de un franc cinq centimes, folio

702 2964 2170 180 Trente trois case deux, signé L.Drevon la veuve Angevert fit citer

718 3060 2162 192 les époux Massiquois à comparaître Par devant le Bureau général

718 3164 2181 192 du dit Conseil séant le vendredi onze juin mil huit cent cinquante

702 3260 2178 176 huit pour s'entendre Condamner à lui payer avec intérets suivant

691 3356 2158 199 la loi la somme de huit francs cinquante centimes qu'ils lui doivent

714 3459 2116 192 pour travaux de sa fille et s'entendre en outre condamner aux

710 3555 2112 208 dépens plus à lui payer telle indemnité qu'il plaira au Conseil fixer

687 3659 2154 196 pour le préjudice de perte de temps qu'ils lui ont fait éprouver en ne

702 3755 2120 180 comparaissant pas devant les Bureaux du Conseil et les dépens

718 3851 2081 192 A l'appel de la cause les époux Massiquois ne comparaissant

714 3951 2108 196 pas. De son coté la veuve angevert se présenta et conclu à

683 4051 2139 196 ce qu'il plut au Bureau Général du dit Conseil donner Défaut contre

679 4147 2139 249 les époux Massiquois non comparants ni personne pour eux
