3072 4608
764 238 2181 157 des dépens ? Après avoir entendu les parties en leur demandes et

748 353 2201 150 conclusions respectivement ; Ouï pareillement le fabricant soumis

764 445 2188 146 à l’examen du travail en son rapport et e avoir délibéré Conformément

760 533 2173 158 à la loi ; Attendu qu’il est constant que Favier a fait preuve

744 633 2216 138 d’incapacité de la quelle il résulte que le travail est mal fait ; mais attendu

733 729 2235 161 que la mal façon ne rend pas la marchandise invendable ; que d’ailleurs

741 829 2150 154 il est constant que Touler n’a pas, non plus, donné les matières

737 933 2192 142 convenables pour la confections du galon ; attendu qu’il n’est pas

748 1021 2178 146 établi que le prix de quinze francs pour centre mètres de galon ait été fixé

748 1125 2208 134 à l’avance ; que d’ailleurs, fut-il reconnu comme établi il y aurait

775 1221 2120 161 lieu à le réduire à douze francs par suite de la part que Favier

802 1320 2166 154 doit supporter pour mal façon ; Attendu que la partie de la demande

744 1424 2201 158 de Favier, celle portant sur l’indemnité pour caus de perte de temps

814 1528 2112 142 n’est pas fondée ; qu’il en dit être débouté ; attendu que le prix de

814 1620 2089 142 soixante quinze centimes par kilogramme de coton dévidé n’est pas

756 1724 2177 146 exagéré et qu’il a lieu de maintenir ainsi le prix de quinze

748 1820 2185 153 francs pour l’ourdissage du chargement qui doit être par Touler ;

744 1923 2193 154 Par ces motifs – Le Bureau Général jugeant en premier ressort

741 2027 2219 142 Condamne Touler à payer à Favier la somme de cent cinquante six

737 2131 2227 119 francs pour mille trois cent mètres de galon à raison de deux francs

741 2231 2235 138 les cent ment mètres ; celle de vingt cinq francs cinquante centimes pour

706 2327 2300 142 le dévidage de trente quatre Kilogrammes de coton à raison de soixante

725 2434 2262 142 quinze centimes ; celle de quinze francs pour ourdissage du chargement ;

744 2534 2201 150 Déboute Favier de sur plus de sa demande ; Dit les dépens

698 2638 2304 153 compensés entre les parties. Condamne les parties à payer par moitié

706 2749 2212 127 et solidairement au Trésor Public la somme de deux francs

691 2841 2250 142 cinq centimes pour le papier timbré de la présente minutes ; le papier

672 2941 2284 154 timbré et l’enregistrement de la citation, conformément à la loi

733 3045 2219 161 du sept aout mil huit cent cinquante, ence, non compris le

691 3148 2250 162 cout du présent jugement, la signification d’icelui et de ses suites. Ainsi

714 3260 1232 249 jugé les jour, mois et an au dessus.
