4608 3072
1937 450 1439 215 Du dit jour vingt neuf Janvier

791 555 3328 233 Entre monsieur Pierre Parissot, ouvrier demeurant à Paris,

742 727 3400 204 rue des Carmes, numéro quinze ; Demandeur ; Comparant ; D’une

706 878 3305 207 part ; Et Madame veuve Ducoudin, maitresse de lavoir,

721 1031 3426 195 demeurant et domiciliée à Paris, rue Pierre Levée, numéro quatre

734 1180 3413 220 et six ; Defenderesse ; Défaillant ; D’autre part ; Point de fait –

696 1344 3425 176 Par lettre du secrétaire du Conseil de Prud’homme du le Département

727 1515 3287 159 de la Seine pour l’industrie des tissus en date des mardi douze et

714 1666 3382 161 mercredi treize Janvier mil huit cent cinquante huit Parissot fit citer

696 1838 3469 158 la veuve Ducoudin à comparaître par devant le dit Conseil séant les

724 1991 3402 141 Mercredi treize et samedi seize Janvier mil huit cent cinquante huit

696 2132 3420 161 pour se concilier si faire se pouvait sur la demande qu’il entendait

744 2296 3408 159 former contre elle devant le dit conseil en délai de congé conformément

691 2457 3502 151 à l’usage et liquidé qui veulent que les fabricants comme ceux qu’ils emploient

675 2598 3421 241 se préviennent réciproquement un certain laps de temps à l’avance
