4608 3072
1477 348 2063 171 de l'objet qu'elle a confectionné, En conséquence la déclarer non

1466 463 2069 138 recevable en ses demandes ? Que doit il être statué à l'égard

1464 560 2056 138 des dépens ? Après avoir entendu les parties en leurs demandes

1459 652 2043 144 et Conclusions respectivement s'être fait représenté le vêtement

1448 742 2079 166 confectionné par la demoiselle Gillot et en avoir delibéré conformé

1454 852 2066 146 à la loi ; Attendu qu'il résulte des dires des parties que Baudin a

1448 947 2072 143 donné un vêtement à Confectionner à la demoiselle Gillot au

1446 1047 2074 145 prix convenue de dix huit francs ; Attendu qu'il résulte de

1472 1144 2060 156 l'examen du dit vêtement par le conseil à ce connaissant qu

1454 1244 2068 146 Baudin en impose à la vérité lorsqu'il déclare qu'il a été

1454 1333 2063 144 forcé défaire défaire et refaire le vêtement dont s'agit ; que

1446 1441 2076 148 le vêtement n'a jamais été retouché et qu'il est tel que la demoi

1451 1538 2086 149 Gillot le lui a rendu ; Que le travail de la demoiselle Gillot étai

1451 1643 2071 138 bien fait , le prix doit lui en être payé ; Par ces motifs — Le

1423 1738 2097 138 Bureau Général jugeant en dernier ressort ; Condamn

1423 1845 2109 139 Baudin à payer avec intérêts suivant la loi à la demoiselle

1484 1945 2043 138 Gillot la somme de dix huit francs qu'il lui doit pour

1410 2040 2110 141 travaux , Le condamne en outre aux dépens taxés et liquides

1418 2147 2102 128 envers la demanderesse à la somme de un franc vingt centim

1428 2245 2086 125 et à celle de soixante quinze centimes envers le Trésor Public p

1431 2347 2086 125 le papier timbré de la présente minute, conformément à la loi

1433 2442 2094 138 du sept août mil huit cent Cinquante, once, non compri

1415 2542 2094 130 le coût du présent jugement ; la signification d'icelui et

1425 2634 1964 184 ses suites. Ainsi jugé les jour mois et an que dessus.
