<?xml version="1.0" encoding="UTF-8"?>
<alto xmlns:xsi="http://www.w3.org/2001/XMLSchema-instance"
      xmlns="http://www.loc.gov/standards/alto/ns-v4#"
      xsi:schemaLocation="http://www.loc.gov/standards/alto/ns-v4# http://www.loc.gov/standards/alto/v4/alto-4-2.xsd">
  <Description>
    <MeasurementUnit>pixel</MeasurementUnit>
    <sourceImageInformation>
      <fileName>PH 1858-11.jpg</fileName>
      
    </sourceImageInformation>
  </Description>
  
  <Tags>
    <OtherTag ID="BT4" LABEL="Illustration" DESCRIPTION="block type Illustration"/><OtherTag ID="BT3" LABEL="Commentary" DESCRIPTION="block type Commentary"/><OtherTag ID="BT2" LABEL="Main" DESCRIPTION="block type Main"/><OtherTag ID="BT1" LABEL="Title" DESCRIPTION="block type Title"/>
    
  </Tags>
  
  <Layout>
    <Page WIDTH="3072"
          HEIGHT="4608"
          PHYSICAL_IMG_NR="13"
          ID="eSc_dummypage_">
      <PrintSpace HPOS="0"
                  VPOS="0"
                  WIDTH="3072"
                  HEIGHT="4608">
        

        
        <TextBlock ID="eSc_dummyblock_">
          
          
          <TextLine ID="r3l1"
                    
                    BASELINE="726 384 835 386 944 386 1054 386 1163 386 1273 386 1382 386 1491 386 1601 384 1710 384 1820 383 1929 383 2039 381 2148 380 2257 378 2367 377 2476 375 2586 372 2695 371 2805 369" 
                    HPOS="721"
                    VPOS="276"
                    WIDTH="2082"
                    HEIGHT="142">
            <Shape><Polygon POINTS="725 384 725 418 2799 387 2803 368 2799 291 2661 276 2657 276 2653 276 2615 291 2572 314 2519 314 2492 295 2484 288 2480 288 2476 288 2472 288 2426 295 2342 314 2273 299 2204 284 2200 284 2196 284 2135 303 2077 318 2054 303 2023 280 2019 280 2015 280 1862 280 1858 280 1854 280 1850 280 1816 307 1781 280 1777 280 1774 280 1770 280 1766 280 1681 307 1658 288 1658 284 1655 284 1651 284 1570 284 1566 284 1562 284 1493 314 1482 322 1056 326 1032 322 883 288 879 288 875 288 721 326 725 384"/></Shape>
	    <String CONTENT="et les condamner en outre aux dépens. De son coté Brick se présenta "
                    HPOS="721"
                    VPOS="276"
                    WIDTH="2082"
                    HEIGHT="142"></String>
          </TextLine>

          
          
          <TextLine ID="r3l2"
                    
                    BASELINE="756 473 859 474 962 476 1066 476 1169 476 1273 476 1376 474 1480 474 1583 473 1687 471 1790 470 1893 468 1997 467 2100 465 2204 465 2307 464 2411 462 2514 462 2618 461 2721 461 2825 462" 
                    HPOS="748"
                    VPOS="372"
                    WIDTH="2074"
                    HEIGHT="138">
            <Shape><Polygon POINTS="2745 372 2707 372 2668 372 2630 372 2592 372 2565 372 2561 372 2557 372 2553 372 2553 376 2538 387 2519 372 2515 372 2511 372 2507 372 2503 372 2499 372 2461 391 2415 376 2400 376 2361 380 2323 380 2284 380 2246 380 2208 380 2169 380 2131 380 2092 380 2081 380 2065 391 2050 380 2015 384 1977 384 1958 384 1858 399 1674 399 1655 387 1631 387 1593 387 1574 395 1543 387 1516 387 1478 387 1440 387 1420 387 1351 399 1328 387 1324 387 1286 387 1274 399 748 391 752 472 756 510 833 491 2814 499 2822 460 2818 372 2784 372 2745 372"/></Shape>
	    <String CONTENT="et conclut à ce qu’il plut au Bureau Général  du dit conseil attendu "
                    HPOS="748"
                    VPOS="372"
                    WIDTH="2074"
                    HEIGHT="138"></String>
          </TextLine>

          
          
          <TextLine ID="r3l3"
                    
                    BASELINE="747 567 852 567 957 566 1062 564 1167 564 1272 563 1377 561 1482 561 1587 560 1692 560 1797 558 1902 558 2007 557 2112 557 2217 556 2322 555 2427 555 2532 554 2637 553 2742 552 2847 551" 
                    HPOS="741"
                    VPOS="464"
                    WIDTH="2104"
                    HEIGHT="138">
            <Shape><Polygon POINTS="2622 464 2584 464 2568 464 2549 483 2545 483 2542 483 2426 464 2423 464 2315 483 2296 487 2284 483 2227 464 2223 464 2219 464 2215 464 2150 487 2138 487 2123 487 2031 468 2008 468 1985 468 1866 487 1854 487 1850 487 1800 468 1777 472 1747 472 1689 487 1670 491 1651 487 1570 472 1555 472 1555 476 1539 487 1536 495 1351 495 1344 491 1297 476 1278 476 1240 476 1232 476 1175 491 1159 495 1152 491 1136 476 1125 476 1105 476 1067 491 1056 495 1040 491 986 476 971 476 933 476 929 476 741 491 744 564 744 602 1958 579 2204 595 2246 595 2250 595 2254 595 2261 595 2311 576 2841 587 2845 549 2841 483 2630 464 2622 464"/></Shape>
	    <String CONTENT="que le mantelet dont d’agit a été donné à sa femme pour le broder "
                    HPOS="741"
                    VPOS="464"
                    WIDTH="2104"
                    HEIGHT="138"></String>
          </TextLine>

          
          
          <TextLine ID="r3l4"
                    
                    BASELINE="747 657 851 657 956 657 1061 657 1166 657 1271 656 1376 656 1480 654 1585 654 1690 653 1795 653 1900 651 2005 651 2110 650 2214 650 2319 650 2424 650 2529 650 2634 650 2739 650 2844 651" 
                    HPOS="741"
                    VPOS="560"
                    WIDTH="2100"
                    HEIGHT="138">
            <Shape><Polygon POINTS="2046 560 2039 560 2035 560 2031 560 1943 583 1939 583 1935 583 1889 560 1885 560 1881 560 1877 560 1804 583 1789 587 1712 583 1347 564 1344 564 1340 564 1286 587 1282 587 1259 587 1009 568 1006 568 1002 568 967 587 948 568 948 564 933 568 894 568 856 568 817 568 791 568 741 587 744 656 744 687 929 675 1013 687 1082 695 1086 695 1090 695 1117 687 1148 675 1159 683 1171 695 1175 695 1178 695 1182 698 1367 698 1367 695 1493 683 1562 675 1601 679 1685 695 1689 695 1866 679 1946 672 1969 679 2012 691 2015 691 2019 691 2023 691 2081 675 2104 672 2112 675 2135 691 2138 691 2142 691 2146 691 2392 672 2442 672 2480 672 2741 691 2745 691 2841 668 2841 648 2837 579 2615 560 2611 560 2607 560 2561 579 2549 587 2392 587 2376 579 2307 560 2304 560 2300 560 2173 583 2161 583 2158 583 2135 560 2131 560 2127 560 2085 560 2046 560"/></Shape>
	    <String CONTENT="en lui disant qu’il n’était pas nécessaire de se presser ; que le prix "
                    HPOS="741"
                    VPOS="560"
                    WIDTH="2100"
                    HEIGHT="138"></String>
          </TextLine>

          
          
          <TextLine ID="r3l5"
                    
                    BASELINE="747 752 851 752 955 752 1059 752 1163 750 1267 750 1371 749 1475 747 1579 746 1683 746 1788 744 1892 743 1996 741 2100 740 2204 738 2308 738 2412 738 2516 738 2620 738 2724 738 2829 740" 
                    HPOS="741"
                    VPOS="652"
                    WIDTH="2085"
                    HEIGHT="135">
            <Shape><Polygon POINTS="2430 652 2392 652 2376 652 2330 672 2223 652 2200 652 2169 652 2008 675 2004 675 2000 675 1916 652 1893 652 1877 652 1766 675 1543 656 1509 656 1470 656 1432 656 1413 656 1317 675 1159 656 1125 660 1086 660 1079 660 983 679 921 660 894 660 867 660 840 679 840 683 741 683 744 748 744 787 2822 760 2826 737 2822 675 2492 675 2430 652 2430 652"/></Shape>
	    <String CONTENT="de façon a été fixé à deux huit francs  parce qu’elle pouvait le "
                    HPOS="741"
                    VPOS="652"
                    WIDTH="2085"
                    HEIGHT="135"></String>
          </TextLine>

          
          
          <TextLine ID="r3l6"
                    
                    BASELINE="756 840 858 842 961 843 1064 843 1167 843 1270 842 1373 842 1476 840 1579 838 1682 836 1785 834 1887 833 1990 831 2093 829 2196 828 2299 827 2402 827 2505 828 2608 828 2711 831 2814 834" 
                    HPOS="748"
                    VPOS="741"
                    WIDTH="2062"
                    HEIGHT="138">
            <Shape><Polygon POINTS="2592 741 2588 741 2584 741 2580 741 2572 741 2496 764 2457 744 2449 741 2446 741 2438 741 2400 741 2361 741 2323 741 2284 741 2246 741 2208 741 2169 741 2131 741 2127 741 2123 741 2119 741 2100 748 2050 768 1969 768 1950 748 1943 741 1939 741 1935 741 1931 741 1885 748 1820 764 1804 752 1797 744 1785 744 1747 744 1708 744 1670 748 1631 748 1593 748 1555 748 1543 748 1539 752 1524 768 998 768 963 760 910 752 902 752 863 752 825 752 787 752 783 752 748 760 752 837 752 879 2807 860 2810 833 2803 741 2684 764 2599 741 2592 741"/></Shape>
	    <String CONTENT="faire à son temps perdu pour le rendre en Mars ou en avril prochain "
                    HPOS="748"
                    VPOS="741"
                    WIDTH="2062"
                    HEIGHT="138"></String>
          </TextLine>

          
          
          <TextLine ID="r3l7"
                    
                    BASELINE="740 936 848 936 956 936 1065 936 1173 935 1281 935 1390 933 1498 932 1606 932 1715 930 1823 929 1932 927 2040 926 2148 924 2257 923 2365 923 2473 921 2582 920 2690 920 2799 920" 
                    HPOS="733"
                    VPOS="829"
                    WIDTH="2062"
                    HEIGHT="146">
            <Shape><Polygon POINTS="2730 833 2714 829 2496 856 2469 833 2469 829 2465 829 2461 829 2457 829 2453 829 2396 852 2307 829 2304 829 2300 829 2296 829 2292 829 2254 860 2250 860 2227 860 1904 840 1900 840 1896 840 1893 840 1873 856 1847 837 1847 833 1843 833 1839 833 1808 833 1770 837 1731 837 1704 837 1294 863 1263 844 1232 844 1221 844 1182 863 1159 844 1155 844 1128 844 1063 867 1036 844 1013 844 983 867 879 848 875 848 733 867 737 933 737 975 867 956 894 975 898 975 902 975 906 975 921 975 1029 956 1182 971 1244 975 1248 975 1424 967 1774 948 1969 959 2142 967 2146 967 2795 944 2795 917 2791 848 2757 833 2730 833"/></Shape>
	    <String CONTENT="que d’ailleurs ils se sont offert à le rendre inachevé, moyennant le "
                    HPOS="733"
                    VPOS="829"
                    WIDTH="2062"
                    HEIGHT="146"></String>
          </TextLine>

          
          
          <TextLine ID="r3l8"
                    
                    BASELINE="749 1035 852 1035 956 1034 1060 1034 1164 1032 1268 1031 1372 1029 1475 1028 1579 1026 1683 1025 1787 1023 1891 1022 1995 1020 2099 1019 2202 1017 2306 1017 2410 1016 2514 1016 2618 1016 2722 1016 2826 1017" 
                    HPOS="744"
                    VPOS="921"
                    WIDTH="2078"
                    HEIGHT="146">
            <Shape><Polygon POINTS="2592 921 2484 944 2453 921 2449 921 2446 921 2442 921 2388 921 2357 925 2319 925 2280 925 2242 925 2204 925 2165 925 2127 925 2088 925 2050 925 2039 925 2015 948 1743 929 1727 929 1704 952 1704 956 1539 959 1340 959 1340 956 1317 936 1313 936 1309 936 1305 936 1301 936 1236 956 1175 936 1167 936 1140 936 1109 959 1102 963 906 963 906 959 856 936 852 936 848 936 744 959 748 1032 748 1067 2822 1036 2822 1013 2818 944 2595 921 2592 921"/></Shape>
	    <String CONTENT="prix de  neuf francs pour ce qui était brodé ; attendu qu’ils offrent "
                    HPOS="744"
                    VPOS="921"
                    WIDTH="2078"
                    HEIGHT="146"></String>
          </TextLine>

          
          
          <TextLine ID="r3l9"
                    
                    BASELINE="774 1130 874 1130 974 1128 1074 1128 1174 1127 1274 1125 1374 1124 1474 1122 1574 1121 1674 1119 1774 1118 1874 1116 1974 1113 2074 1112 2174 1111 2274 1110 2374 1109 2474 1108 2574 1107 2674 1107 2774 1107" 
                    HPOS="768"
                    VPOS="1017"
                    WIDTH="2004"
                    HEIGHT="135">
            <Shape><Polygon POINTS="2534 1017 2430 1036 2419 1036 2411 1036 2277 1017 2273 1017 2146 1036 2131 1040 2127 1036 2100 1017 2077 1017 2035 1040 2019 1044 1985 1040 1889 1021 1881 1025 1854 1025 1793 1040 1758 1048 1731 1040 1685 1025 1681 1025 1651 1025 1612 1025 1574 1029 1536 1029 1497 1029 1489 1029 1455 1040 1424 1052 1397 1044 1363 1029 1359 1029 1344 1029 1305 1029 1267 1029 1228 1032 1190 1032 1152 1032 1140 1032 1098 1044 1048 1056 768 1048 771 1128 771 1152 2768 1132 2772 1105 2764 1036 2595 1036 2592 1036 2572 1017 2534 1017"/></Shape>
	    <String CONTENT="encore aujourd’hui de terminer et livrer le mantelet dont "
                    HPOS="768"
                    VPOS="1017"
                    WIDTH="2004"
                    HEIGHT="135"></String>
          </TextLine>

          
          
          <TextLine ID="r3l10"
                    
                    BASELINE="768 1220 870 1218 972 1217 1075 1215 1177 1214 1280 1212 1382 1211 1484 1209 1587 1208 1689 1206 1792 1205 1894 1205 1996 1203 2099 1202 2201 1202 2304 1200 2406 1199 2508 1199 2611 1197 2713 1196 2816 1196" 
                    HPOS="764"
                    VPOS="1102"
                    WIDTH="2050"
                    HEIGHT="146">
            <Shape><Polygon POINTS="2492 1109 2472 1109 2469 1109 2442 1132 2231 1113 2223 1113 2184 1113 2146 1113 2138 1113 2131 1117 2108 1136 1981 1121 1908 1113 1904 1113 1900 1113 1896 1113 1896 1117 1889 1125 1873 1136 1708 1128 1582 1121 1570 1121 1532 1121 1501 1121 1474 1132 1455 1140 1405 1136 1324 1125 1301 1125 1274 1125 1224 1140 1205 1144 1190 1140 1159 1125 1148 1128 1113 1128 1098 1140 1090 1148 1059 1144 979 1128 956 1128 925 1128 764 1148 768 1217 768 1244 1774 1248 1777 1248 1820 1240 1889 1224 1954 1240 1981 1244 1985 1244 2027 1240 2150 1221 2334 1236 2384 1240 2388 1240 2419 1236 2530 1217 2557 1236 2561 1236 2565 1236 2568 1236 2810 1232 2814 1194 2803 1102 2741 1128 2522 1109 2492 1109"/></Shape>
	    <String CONTENT="s’agit en leur laissant le temps nécessaire pour l’achever ; "
                    HPOS="764"
                    VPOS="1102"
                    WIDTH="2050"
                    HEIGHT="146"></String>
          </TextLine>

          
          
          <TextLine ID="r3l11"
                    
                    BASELINE="743 1313 844 1313 945 1311 1046 1311 1147 1310 1248 1308 1349 1308 1450 1307 1551 1305 1652 1304 1754 1302 1855 1301 1956 1301 2057 1299 2158 1298 2259 1296 2360 1296 2461 1295 2562 1295 2663 1293 2765 1293" 
                    HPOS="737"
                    VPOS="1205"
                    WIDTH="2027"
                    HEIGHT="139">
            <Shape><Polygon POINTS="814 1221 810 1221 737 1244 741 1309 741 1344 1943 1317 2073 1317 2737 1328 2741 1328 2745 1328 2749 1328 2749 1324 2764 1309 2764 1290 2757 1228 2522 1228 2519 1228 2426 1205 2423 1205 2419 1205 2415 1205 2411 1205 2411 1209 2396 1224 2361 1209 2357 1209 2353 1209 2350 1209 2346 1209 2346 1213 2342 1213 2327 1232 2327 1236 2173 1236 2169 1232 2146 1209 2142 1209 2138 1209 2135 1209 2131 1209 2046 1228 1935 1209 1931 1209 1178 1244 1102 1244 1075 1244 817 1221 814 1221"/></Shape>
	    <String CONTENT="attendu aussi que la somme de deux francs que les époux "
                    HPOS="737"
                    VPOS="1205"
                    WIDTH="2027"
                    HEIGHT="139"></String>
          </TextLine>

          
          
          <TextLine ID="r3l12"
                    
                    BASELINE="755 1407 863 1407 971 1406 1080 1404 1188 1403 1296 1403 1405 1401 1513 1400 1621 1398 1730 1397 1838 1395 1947 1395 2055 1394 2163 1392 2272 1391 2380 1391 2488 1390 2597 1389 2705 1389 2814 1389" 
                    HPOS="748"
                    VPOS="1294"
                    WIDTH="2062"
                    HEIGHT="142">
            <Shape><Polygon POINTS="2668 1294 2630 1294 2599 1294 2534 1309 2519 1297 2515 1297 2476 1297 2438 1297 2400 1297 2361 1297 2323 1297 2284 1297 2246 1297 2211 1297 2196 1313 2161 1297 2131 1301 2092 1301 2088 1301 2046 1313 2015 1301 1977 1301 1939 1301 1919 1301 1881 1309 1854 1301 1823 1301 1804 1301 1789 1317 1766 1317 1489 1305 1478 1305 1440 1309 1401 1309 1363 1309 1355 1309 1305 1320 1301 1320 1255 1309 1248 1309 1209 1309 1171 1309 1163 1309 1125 1324 1117 1328 875 1328 871 1324 852 1313 825 1313 787 1313 783 1313 748 1324 752 1405 752 1436 2810 1405 2810 1386 2807 1309 2691 1294 2668 1294"/></Shape>
	    <String CONTENT="Monterme prétendent avoir avancés à la dame Brick sur un "
                    HPOS="748"
                    VPOS="1294"
                    WIDTH="2062"
                    HEIGHT="142"></String>
          </TextLine>

          
          
          <TextLine ID="r3l13"
                    
                    BASELINE="755 1499 856 1499 958 1499 1060 1497 1162 1497 1264 1496 1366 1496 1467 1494 1569 1493 1671 1491 1773 1490 1875 1490 1977 1488 2079 1487 2180 1485 2282 1484 2384 1482 2486 1481 2588 1481 2690 1479 2792 1479" 
                    HPOS="748"
                    VPOS="1390"
                    WIDTH="2043"
                    HEIGHT="146">
            <Shape><Polygon POINTS="2592 1390 2553 1390 2545 1390 2526 1405 2496 1390 2476 1390 2465 1390 2400 1405 2350 1416 2242 1409 2088 1393 2054 1393 2031 1393 2004 1409 1977 1424 1847 1424 1820 1409 1789 1397 1785 1397 1758 1397 1716 1413 1685 1420 1612 1413 1520 1401 1516 1401 1478 1401 1466 1401 1432 1413 1401 1424 1367 1413 1332 1401 1324 1401 1286 1401 1267 1413 1244 1424 1205 1416 1159 1405 1132 1405 1094 1405 1056 1405 1040 1405 1025 1416 1025 1420 1021 1416 1006 1405 983 1405 959 1416 952 1420 748 1420 752 1497 752 1536 844 1516 2787 1516 2791 1478 2787 1405 2607 1390 2592 1390"/></Shape>
	    <String CONTENT="travail à faire lui a été donné comme à compte sur un travail "
                    HPOS="748"
                    VPOS="1390"
                    WIDTH="2043"
                    HEIGHT="146"></String>
          </TextLine>

          
          
          <TextLine ID="r3l14"
                    
                    BASELINE="746 1592 843 1590 941 1589 1038 1589 1136 1587 1234 1587 1331 1586 1429 1584 1527 1584 1624 1583 1722 1581 1820 1581 1917 1580 2015 1579 2113 1578 2210 1577 2308 1575 2406 1574 2503 1573 2601 1572 2699 1571" 
                    HPOS="741"
                    VPOS="1482"
                    WIDTH="1954"
                    HEIGHT="153">
            <Shape><Polygon POINTS="2353 1482 2315 1482 2277 1486 2273 1486 2234 1505 2231 1505 2192 1486 2161 1486 2158 1486 2100 1505 2096 1505 2050 1486 2046 1489 2012 1489 1996 1505 1996 1509 1893 1509 1889 1509 1866 1489 1854 1493 1816 1493 1789 1493 1670 1509 1666 1509 1662 1509 1589 1493 1585 1493 1547 1493 1509 1493 1505 1493 1443 1505 1382 1497 1355 1497 1317 1497 1301 1497 1278 1512 1240 1497 1201 1497 1171 1497 1090 1512 1056 1497 1048 1497 1032 1497 1009 1516 1002 1516 883 1501 856 1501 817 1501 791 1501 741 1516 744 1589 752 1635 787 1612 1017 1628 1079 1631 1082 1631 1086 1631 1090 1631 1098 1628 1132 1608 1509 1616 1789 1624 1793 1624 1797 1624 1835 1608 1854 1605 1908 1608 2031 1620 2035 1620 2361 1597 2407 1597 2419 1597 2526 1616 2530 1616 2695 1589 2695 1570 2691 1501 2361 1482 2353 1482"/></Shape>
	    <String CONTENT="fait et pour lequel ils lui redoivent encore, celle de sept francs "
                    HPOS="741"
                    VPOS="1482"
                    WIDTH="1954"
                    HEIGHT="153"></String>
          </TextLine>

          
          
          <TextLine ID="r3l15"
                    
                    BASELINE="758 1682 862 1682 966 1682 1070 1682 1174 1682 1278 1682 1382 1682 1486 1680 1590 1680 1694 1679 1799 1679 1903 1677 2007 1676 2111 1675 2215 1674 2319 1673 2423 1671 2527 1670 2631 1668 2735 1667 2840 1665" 
                    HPOS="752"
                    VPOS="1574"
                    WIDTH="2085"
                    HEIGHT="142">
            <Shape><Polygon POINTS="2595 1574 2557 1574 2538 1589 2530 1597 2496 1589 2426 1578 2423 1578 2419 1578 2415 1578 2415 1582 2411 1582 2403 1589 2396 1601 2342 1589 2261 1578 2250 1578 2211 1578 2204 1578 2088 1593 1996 1605 1966 1593 1943 1585 1939 1585 1935 1585 1931 1585 1927 1585 1919 1593 1912 1601 1900 1593 1885 1582 1866 1582 1839 1582 1704 1597 1578 1612 1497 1612 1486 1597 1470 1585 1443 1585 1424 1585 1328 1597 1297 1601 1267 1601 1152 1589 1136 1589 1102 1589 1079 1601 1052 1612 963 1601 871 1589 867 1589 829 1593 798 1593 752 1601 756 1681 756 1716 2837 1689 2837 1662 2830 1589 2618 1574 2595 1574"/></Shape>
	    <String CONTENT="cinquante centimes. Par ces motifs – Déclarer  les époux Monterme  "
                    HPOS="752"
                    VPOS="1574"
                    WIDTH="2085"
                    HEIGHT="142"></String>
          </TextLine>

          
          
          <TextLine ID="r3l16"
                    
                    BASELINE="744 1779 847 1778 950 1776 1053 1776 1156 1775 1259 1775 1362 1773 1465 1773 1568 1773 1671 1773 1774 1772 1877 1772 1980 1772 2083 1770 2186 1770 2289 1769 2392 1767 2495 1765 2598 1763 2701 1759 2804 1755" 
                    HPOS="737"
                    VPOS="1670"
                    WIDTH="2066"
                    HEIGHT="142">
            <Shape><Polygon POINTS="2503 1670 2496 1670 2476 1689 2472 1689 2438 1674 2434 1674 2430 1674 2357 1689 2315 1697 2296 1689 2265 1674 2234 1674 2223 1674 2115 1689 2027 1701 1996 1689 1966 1678 1966 1678 1935 1678 1923 1689 1904 1701 1881 1689 1862 1681 1858 1681 1854 1681 1850 1681 1823 1689 1785 1701 1693 1689 1628 1681 1620 1681 1582 1681 1574 1681 1551 1689 1509 1704 1474 1689 1451 1681 1428 1681 1401 1681 1340 1689 1201 1708 1163 1689 1152 1685 1121 1685 1113 1689 1063 1712 737 1693 741 1777 741 1812 2803 1789 2803 1754 2791 1689 2638 1693 2607 1689 2526 1670 2503 1670"/></Shape>
	    <String CONTENT="non recevable en leurs demandes et les condamner aux dépens. "
                    HPOS="737"
                    VPOS="1670"
                    WIDTH="2066"
                    HEIGHT="142"></String>
          </TextLine>

          
          
          <TextLine ID="r3l17"
                    
                    BASELINE="764 1872 865 1871 966 1870 1067 1869 1168 1868 1269 1868 1370 1868 1471 1866 1572 1866 1673 1866 1775 1866 1876 1866 1977 1865 2078 1865 2179 1865 2280 1865 2381 1863 2482 1863 2583 1862 2684 1862 2786 1860" 
                    HPOS="756"
                    VPOS="1758"
                    WIDTH="2028"
                    HEIGHT="146">
            <Shape><Polygon POINTS="2672 1762 2638 1762 2599 1762 2561 1766 2522 1766 2484 1766 2476 1766 2457 1785 2411 1766 2407 1766 2369 1770 2330 1770 2296 1770 2280 1785 2104 1770 2100 1770 2096 1770 2019 1793 1896 1793 1877 1774 1870 1774 1831 1774 1827 1774 1781 1793 1566 1793 1528 1774 1524 1774 1497 1774 1424 1793 1367 1774 1332 1774 1294 1774 1263 1774 1240 1793 840 1777 833 1781 794 1781 756 1781 760 1870 760 1904 2780 1889 2784 1858 2768 1758 2726 1785 2676 1762 2672 1762"/></Shape>
	    <String CONTENT="Point de droit – Devrait-on condamner les époux Brick à  "
                    HPOS="756"
                    VPOS="1758"
                    WIDTH="2028"
                    HEIGHT="146"></String>
          </TextLine>

          
          
          <TextLine ID="r3l18"
                    
                    BASELINE="734 1974 838 1974 943 1973 1048 1973 1153 1971 1258 1971 1363 1970 1468 1970 1573 1968 1678 1968 1783 1967 1887 1966 1992 1965 2097 1965 2202 1965 2307 1964 2412 1964 2517 1965 2622 1965 2727 1966 2832 1967" 
                    HPOS="729"
                    VPOS="1870"
                    WIDTH="2101"
                    HEIGHT="130">
            <Shape><Polygon POINTS="733 1973 733 2000 2830 1981 2830 1966 2822 1885 2653 1893 2618 1881 2580 1870 2576 1870 2572 1870 2568 1870 2565 1870 2549 1881 2530 1896 2438 1896 2411 1881 2396 1870 2392 1870 2388 1870 2250 1870 2246 1870 2242 1870 2238 1870 2223 1881 2200 1893 2165 1881 2138 1870 2135 1870 2131 1870 2127 1870 2123 1870 2108 1881 2081 1896 1916 1896 1847 1877 1804 1870 1800 1870 1743 1877 1635 1893 1466 1877 1428 1873 1424 1873 1420 1873 1416 1877 1370 1900 1102 1900 1025 1873 1021 1873 1017 1873 1013 1873 1009 1873 959 1900 837 1900 729 1873 733 1973"/></Shape>
	    <String CONTENT="payer aux époux Monterme la somme de deux francs, somme"
                    HPOS="729"
                    VPOS="1870"
                    WIDTH="2101"
                    HEIGHT="130"></String>
          </TextLine>

          
          
          <TextLine ID="r3l19"
                    
                    BASELINE="762 2064 865 2066 968 2067 1071 2067 1174 2069 1277 2069 1380 2069 1483 2069 1586 2067 1689 2067 1792 2067 1895 2066 1998 2066 2101 2064 2204 2064 2307 2063 2410 2061 2513 2060 2616 2060 2719 2058 2822 2057" 
                    HPOS="756"
                    VPOS="1966"
                    WIDTH="2062"
                    HEIGHT="142">
            <Shape><Polygon POINTS="2753 1966 2714 1966 2703 1966 2611 1989 2599 1992 2549 1992 2545 1989 2522 1966 2484 1966 2446 1966 2407 1966 2369 1966 2353 1966 2327 1989 2323 1989 2319 1989 2265 1966 2254 1966 2215 1966 2177 1966 2138 1966 2100 1966 2081 1966 2069 1977 2054 1966 2023 1966 1985 1966 1946 1966 1919 1966 1881 1985 1873 1992 1770 1992 1762 1985 1739 1969 1716 1969 1693 1969 1651 1985 1631 1996 1313 1996 1294 1985 1263 1973 1255 1973 1217 1973 1178 1973 1140 1973 1128 1973 1063 1981 1052 1973 1025 1973 986 1973 948 1973 910 1973 871 1973 833 1977 794 1977 764 1977 756 1981 760 2062 764 2108 825 2085 921 2104 925 2104 929 2104 1009 2085 1071 2104 1075 2104 1079 2104 1082 2104 1086 2104 1136 2085 1470 2100 1631 2104 1635 2104 2814 2077 2818 2054 2814 1985 2760 1966 2753 1966"/></Shape>
	    <String CONTENT="avancée à la dame Brick sur un travail qu’elle devait faire"
                    HPOS="756"
                    VPOS="1966"
                    WIDTH="2062"
                    HEIGHT="142"></String>
          </TextLine>

          
          
          <TextLine ID="r3l20"
                    
                    BASELINE="756 2166 859 2166 962 2165 1065 2165 1168 2165 1272 2165 1375 2163 1478 2163 1581 2163 1684 2162 1788 2162 1891 2160 1994 2160 2097 2160 2200 2159 2304 2159 2407 2157 2510 2157 2613 2156 2716 2156 2820 2154" 
                    HPOS="752"
                    VPOS="2069"
                    WIDTH="2066"
                    HEIGHT="119">
            <Shape><Polygon POINTS="1789 2069 1785 2069 1781 2069 1777 2069 1762 2077 1712 2104 1478 2104 1440 2081 1436 2081 1432 2081 1386 2077 1267 2073 1263 2073 1259 2073 1248 2077 1171 2108 1079 2077 1075 2077 1071 2077 1063 2077 840 2104 752 2077 752 2165 752 2188 2814 2173 2818 2150 2807 2081 2561 2096 2515 2077 2492 2069 2488 2069 2484 2069 2480 2069 2461 2077 2426 2096 2353 2081 2350 2081 2246 2100 2146 2077 2104 2069 2100 2069 2096 2069 2092 2069 2085 2077 2054 2104 1835 2104 1800 2077 1793 2069 1789 2069"/></Shape>
	    <String CONTENT="et ne fit pas. Dire et ordonner que dans le jour du jugement "
                    HPOS="752"
                    VPOS="2069"
                    WIDTH="2066"
                    HEIGHT="119"></String>
          </TextLine>

          
          
          <TextLine ID="r3l21"
                    
                    BASELINE="743 2256 847 2257 951 2258 1055 2258 1159 2258 1263 2258 1367 2258 1472 2258 1576 2258 1680 2258 1784 2258 1888 2256 1992 2256 2096 2256 2201 2255 2305 2255 2409 2253 2513 2253 2617 2253 2721 2253 2826 2252" 
                    HPOS="741"
                    VPOS="2158"
                    WIDTH="2081"
                    HEIGHT="119">
            <Shape><Polygon POINTS="2565 2158 2561 2158 2557 2158 2434 2161 2430 2161 2426 2161 2403 2181 2400 2184 2396 2181 2361 2158 2357 2158 2353 2158 2350 2158 2346 2158 2304 2177 2288 2188 2188 2188 2181 2177 2161 2161 2158 2161 2131 2161 2073 2177 2039 2184 1908 2184 1900 2177 1885 2161 1850 2161 1812 2161 1774 2165 1735 2165 1697 2165 1658 2165 1655 2165 1647 2173 1639 2181 1620 2173 1597 2165 1582 2165 1543 2165 1539 2165 1520 2173 1482 2184 1409 2173 1367 2165 1351 2165 1313 2165 1274 2165 1271 2165 1248 2169 1163 2188 1082 2188 1056 2169 1048 2165 1044 2165 1006 2165 967 2165 929 2165 890 2165 852 2169 814 2169 783 2169 768 2184 744 2165 741 2254 741 2277 2818 2273 2822 2250 2814 2184 2676 2184 2672 2181 2649 2161 2645 2161 2641 2161 2638 2161 2634 2161 2630 2161 2603 2181 2568 2158 2565 2158"/></Shape>
	    <String CONTENT="à intervenir les époux Brick seront tenus de remettre aux "
                    HPOS="741"
                    VPOS="2158"
                    WIDTH="2081"
                    HEIGHT="119"></String>
          </TextLine>

          
          
          <TextLine ID="r3l22"
                    
                    BASELINE="750 2354 854 2354 959 2354 1064 2354 1169 2354 1274 2352 1379 2352 1483 2352 1588 2352 1693 2352 1798 2352 1903 2352 2008 2352 2113 2352 2217 2352 2322 2352 2427 2352 2532 2352 2637 2354 2742 2354 2847 2355" 
                    HPOS="748"
                    VPOS="2254"
                    WIDTH="2097"
                    HEIGHT="134">
            <Shape><Polygon POINTS="2711 2254 2707 2254 2703 2254 2699 2254 2691 2254 2611 2277 2545 2257 2534 2254 2530 2254 2526 2254 2522 2254 2515 2257 2476 2273 2403 2257 2392 2257 2388 2257 2384 2257 2380 2257 2346 2280 2100 2280 2065 2261 2054 2257 2050 2257 2019 2257 2008 2261 1985 2273 1973 2265 1966 2257 1935 2257 1896 2257 1858 2257 1820 2257 1816 2257 1804 2265 1793 2277 1735 2265 1708 2261 1704 2261 1666 2261 1639 2261 1631 2269 1620 2280 1516 2280 1501 2269 1489 2261 1474 2261 1436 2261 1397 2261 1359 2261 1320 2261 1282 2261 1244 2261 1217 2261 1205 2273 1201 2277 1178 2273 1109 2261 1094 2261 1056 2261 1044 2261 1029 2277 1025 2280 748 2280 748 2353 748 2388 2845 2376 2845 2353 2837 2254 2776 2277 2714 2254 2711 2254"/></Shape>
	    <String CONTENT="époux Monterme un mantelet en tafetas noir qu’ils ont confiés "
                    HPOS="748"
                    VPOS="2254"
                    WIDTH="2097"
                    HEIGHT="134"></String>
          </TextLine>

          
          
          <TextLine ID="r3l23"
                    
                    BASELINE="755 2450 857 2451 959 2453 1061 2454 1163 2455 1266 2456 1368 2457 1470 2457 1572 2457 1674 2457 1777 2457 1879 2457 1981 2457 2083 2457 2185 2457 2288 2457 2390 2456 2492 2456 2594 2456 2696 2454 2799 2454" 
                    HPOS="748"
                    VPOS="2353"
                    WIDTH="2047"
                    HEIGHT="127">
            <Shape><Polygon POINTS="2323 2353 2288 2353 2250 2353 2211 2353 2173 2353 2150 2353 2146 2353 2142 2353 2088 2380 2008 2353 2004 2353 2000 2353 1589 2357 1585 2357 1582 2357 1555 2380 1451 2353 1447 2353 1443 2353 1313 2380 1313 2384 1009 2384 1009 2380 990 2365 990 2361 986 2361 983 2361 979 2361 975 2361 917 2380 887 2357 867 2357 829 2357 791 2357 764 2357 752 2369 752 2449 748 2469 2787 2480 2795 2453 2791 2384 2584 2361 2580 2361 2380 2380 2327 2353 2323 2353"/></Shape>
	    <String CONTENT="à la dame Brick pour le broder, sinon et faute par eux de ce "
                    HPOS="748"
                    VPOS="2353"
                    WIDTH="2047"
                    HEIGHT="127"></String>
          </TextLine>

          
          
          <TextLine ID="r3l24"
                    
                    BASELINE="732 2552 837 2550 942 2550 1048 2550 1153 2550 1259 2550 1364 2550 1469 2550 1575 2550 1680 2552 1786 2552 1891 2552 1996 2552 2102 2552 2207 2552 2313 2553 2418 2552 2523 2552 2629 2552 2734 2550 2840 2550" 
                    HPOS="729"
                    VPOS="2453"
                    WIDTH="2108"
                    HEIGHT="135">
            <Shape><Polygon POINTS="2764 2457 2753 2457 2699 2476 2522 2457 2519 2457 2350 2476 2284 2457 2265 2457 2257 2457 2234 2480 2138 2480 2031 2457 1996 2457 1992 2457 1896 2476 1823 2457 1804 2457 1785 2457 1727 2476 1704 2457 1689 2457 1670 2457 1597 2476 1547 2457 1536 2457 1516 2457 1497 2472 1478 2457 1459 2457 1436 2457 1317 2476 1294 2457 1267 2457 1228 2457 1190 2457 1152 2457 1113 2457 1090 2457 1067 2476 1036 2453 1032 2453 1029 2453 998 2453 959 2453 921 2453 917 2453 913 2453 729 2476 729 2549 729 2588 2837 2568 2837 2549 2837 2476 2776 2453 2772 2453 2768 2453 2764 2453 2764 2457"/></Shape>
	    <String CONTENT="faire les condamner à leur payer la somme de  vingt cinq francs "
                    HPOS="729"
                    VPOS="2453"
                    WIDTH="2108"
                    HEIGHT="135"></String>
          </TextLine>

          
          
          <TextLine ID="r3l25"
                    
                    BASELINE="746 2651 850 2649 955 2648 1060 2648 1165 2646 1270 2646 1375 2646 1479 2646 1584 2646 1689 2646 1794 2646 1899 2646 2004 2646 2109 2646 2213 2648 2318 2648 2423 2648 2528 2648 2633 2647 2738 2646 2843 2646" 
                    HPOS="741"
                    VPOS="2553"
                    WIDTH="2100"
                    HEIGHT="127">
            <Shape><Polygon POINTS="2584 2553 2561 2553 2507 2580 2323 2580 2296 2553 2277 2553 2269 2553 2231 2584 2146 2584 2104 2553 2085 2553 2069 2553 1989 2576 1850 2553 1816 2553 1808 2553 1704 2580 1662 2553 1662 2553 1624 2553 1585 2553 1547 2553 1509 2553 1470 2553 1432 2553 1393 2553 1355 2553 1317 2553 1278 2553 1240 2553 1209 2553 1140 2580 994 2553 971 2553 956 2553 902 2580 825 2553 817 2553 798 2553 741 2580 744 2649 744 2680 2837 2672 2841 2645 2837 2584 2622 2584 2588 2553 2584 2553"/></Shape>
	    <String CONTENT="pour leur en tenir lieu ? Ou bien devait-on accorder aux époux "
                    HPOS="741"
                    VPOS="2553"
                    WIDTH="2100"
                    HEIGHT="127"></String>
          </TextLine>

          
          
          <TextLine ID="r3l26"
                    
                    BASELINE="749 2744 854 2744 959 2742 1064 2742 1170 2742 1275 2742 1380 2741 1486 2741 1591 2741 1696 2740 1802 2739 1907 2739 2012 2739 2117 2739 2223 2739 2328 2739 2433 2739 2539 2739 2644 2741 2749 2741 2855 2742" 
                    HPOS="744"
                    VPOS="2649"
                    WIDTH="2109"
                    HEIGHT="108">
            <Shape><Polygon POINTS="2780 2649 2741 2649 2703 2649 2664 2649 2626 2649 2599 2649 2296 2664 2196 2649 2165 2649 2127 2649 2108 2649 2054 2664 1935 2649 1935 2649 1896 2649 1858 2649 1827 2649 1743 2664 1601 2649 1589 2649 1551 2649 1512 2649 1489 2649 1416 2664 1286 2649 1282 2649 1248 2649 1209 2649 1198 2649 1182 2664 1121 2649 1094 2649 1079 2649 986 2664 967 2649 940 2649 929 2649 906 2664 814 2649 787 2649 775 2649 748 2661 748 2741 744 2757 2849 2757 2853 2741 2853 2668 2784 2649 2780 2649"/></Shape>
	    <String CONTENT="Brick un délai pour terminer le mantelet  dont s’agit ; en "
                    HPOS="744"
                    VPOS="2649"
                    WIDTH="2109"
                    HEIGHT="108"></String>
          </TextLine>

          
          
          <TextLine ID="r3l27"
                    
                    BASELINE="755 2835 858 2837 961 2837 1064 2838 1167 2838 1270 2838 1373 2840 1476 2840 1579 2840 1682 2840 1786 2840 1889 2838 1992 2838 2095 2838 2198 2838 2301 2838 2404 2837 2507 2837 2610 2837 2713 2837 2817 2837" 
                    HPOS="752"
                    VPOS="2741"
                    WIDTH="2062"
                    HEIGHT="127">
            <Shape><Polygon POINTS="2104 2741 2100 2741 2096 2741 2039 2764 1954 2741 1950 2741 1946 2741 1620 2764 1574 2741 1570 2741 1566 2741 1562 2741 1516 2764 1478 2741 1474 2741 1470 2741 1466 2741 1359 2764 1271 2741 1248 2745 1209 2745 1171 2745 1132 2745 1094 2745 1056 2745 1017 2745 986 2745 952 2760 852 2745 829 2745 810 2745 752 2764 752 2833 752 2868 2814 2856 2814 2833 2814 2768 2158 2768 2108 2741 2104 2741"/></Shape>
	    <String CONTENT="conséquence déclarer les époux Monterme  non recevables en "
                    HPOS="752"
                    VPOS="2741"
                    WIDTH="2062"
                    HEIGHT="127"></String>
          </TextLine>

          
          
          <TextLine ID="r3l28"
                    
                    BASELINE="762 2930 867 2933 973 2933 1078 2934 1184 2934 1290 2934 1395 2934 1501 2933 1606 2933 1712 2931 1818 2930 1923 2928 2029 2928 2134 2927 2240 2927 2346 2927 2451 2927 2557 2928 2662 2930 2768 2931 2874 2934" 
                    HPOS="756"
                    VPOS="2837"
                    WIDTH="2116"
                    HEIGHT="123">
            <Shape><Polygon POINTS="2599 2837 2561 2837 2534 2837 2522 2841 2488 2856 2476 2841 2469 2837 2446 2837 2411 2837 2373 2845 2319 2853 2292 2845 2280 2841 2254 2841 2215 2841 2188 2841 2173 2845 2123 2856 2108 2845 2100 2841 2100 2841 2062 2841 2027 2841 2012 2845 1973 2856 1939 2845 1923 2841 1908 2841 1870 2841 1854 2841 1847 2849 1835 2860 1724 2860 1716 2849 1704 2841 1678 2841 1670 2849 1666 2853 1662 2849 1651 2841 1639 2841 1601 2841 1589 2841 1570 2849 1566 2849 1524 2841 1524 2841 1486 2841 1451 2841 1440 2841 1428 2853 1420 2856 1413 2853 1390 2841 1374 2841 1340 2841 1328 2853 1320 2860 1221 2860 1198 2853 1148 2841 1144 2841 1105 2841 1075 2841 1059 2853 1052 2860 913 2860 906 2856 856 2837 837 2837 798 2837 791 2837 760 2853 760 2929 756 2956 2864 2960 2872 2933 2864 2841 2780 2856 2661 2841 2626 2837 2599 2837"/></Shape>
	    <String CONTENT="leurs demandes ? Que devait-il être statué à l’égard des dépens "
                    HPOS="756"
                    VPOS="2837"
                    WIDTH="2116"
                    HEIGHT="123"></String>
          </TextLine>

          
          
          <TextLine ID="r3l29"
                    
                    BASELINE="761 3032 872 3032 984 3032 1095 3030 1207 3030 1318 3029 1430 3029 1541 3027 1653 3027 1764 3026 1876 3026 1987 3026 2099 3024 2210 3026 2322 3026 2433 3027 2545 3029 2656 3030 2768 3033 2880 3036" 
                    HPOS="756"
                    VPOS="2929"
                    WIDTH="2124"
                    HEIGHT="139">
            <Shape><Polygon POINTS="2757 2933 2734 2952 2680 2933 2676 2933 2672 2933 2668 2933 2595 2952 2530 2929 2522 2929 2499 2929 2461 2945 2376 2929 2369 2929 2346 2929 2319 2952 2319 2956 2015 2956 2012 2952 1985 2929 1950 2929 1870 2952 1866 2952 1862 2952 1812 2929 1797 2933 1758 2933 1685 2952 1678 2952 1662 2952 1470 2933 1451 2933 1413 2933 1374 2937 1336 2937 1297 2937 1259 2937 1221 2937 1182 2937 1144 2937 1105 2937 1094 2933 1071 2952 1067 2956 979 2956 971 2952 940 2933 913 2933 875 2933 871 2933 760 2949 760 3029 756 3060 2515 3048 2626 3068 2630 3068 2634 3068 2638 3068 2699 3048 2872 3068 2880 3033 2876 2956 2799 2956 2799 2952 2776 2933 2757 2933"/></Shape>
	    <String CONTENT="après avoir entendu les parties en leur dires et conclusions respectivement "
                    HPOS="756"
                    VPOS="2929"
                    WIDTH="2124"
                    HEIGHT="139"></String>
          </TextLine>

          
          
          <TextLine ID="r3l30"
                    
                    BASELINE="711 3128 817 3127 924 3126 1030 3126 1137 3125 1244 3125 1350 3125 1457 3125 1563 3123 1670 3123 1777 3123 1883 3122 1990 3122 2096 3122 2203 3122 2310 3120 2416 3120 2523 3120 2629 3119 2736 3119 2843 3119" 
                    HPOS="706"
                    VPOS="3025"
                    WIDTH="2135"
                    HEIGHT="139">
            <Shape><Polygon POINTS="1973 3029 1935 3029 1896 3029 1858 3029 1820 3029 1781 3029 1743 3029 1704 3048 1681 3029 1678 3029 1674 3029 1670 3029 1666 3029 1608 3048 1605 3048 1585 3029 1582 3029 1578 3029 1574 3029 1443 3048 1432 3048 1420 3048 1305 3029 1301 3029 1297 3029 1255 3048 1251 3048 1152 3033 1128 3033 1117 3033 1098 3048 1098 3052 940 3052 890 3052 787 3033 783 3033 779 3029 768 3029 764 3029 760 3029 706 3045 710 3125 710 3164 2837 3152 2841 3118 2837 3045 1973 3025 1973 3029"/></Shape>
	    <String CONTENT="et en avoir délibéré conformément à la loi ; attendu qu’il est constant "
                    HPOS="706"
                    VPOS="3025"
                    WIDTH="2135"
                    HEIGHT="139"></String>
          </TextLine>

          
          
          <TextLine ID="r3l31"
                    
                    BASELINE="737 3224 844 3224 952 3224 1059 3224 1167 3224 1274 3224 1382 3224 1489 3222 1597 3222 1704 3221 1812 3221 1920 3219 2027 3219 2135 3218 2242 3218 2350 3218 2457 3218 2565 3219 2672 3219 2780 3221 2888 3224" 
                    HPOS="729"
                    VPOS="3121"
                    WIDTH="2158"
                    HEIGHT="135">
            <Shape><Polygon POINTS="2757 3121 2753 3121 2726 3121 2688 3121 2649 3121 2611 3121 2592 3121 2588 3121 2584 3121 2580 3121 2580 3125 2565 3141 2534 3125 2530 3125 2526 3125 2522 3125 2519 3125 2519 3129 2496 3148 2284 3121 2280 3121 2277 3121 2273 3121 2242 3148 2177 3129 2173 3129 2169 3129 1904 3148 1877 3125 1843 3125 1804 3125 1766 3125 1727 3125 1689 3125 1681 3125 1470 3148 1443 3125 1424 3125 1416 3125 1378 3141 1351 3125 1347 3125 1320 3125 1278 3144 1148 3129 1144 3129 998 3148 971 3129 963 3129 925 3129 921 3129 733 3148 733 3221 729 3256 2883 3256 2887 3221 2883 3152 2787 3152 2760 3125 2760 3121 2757 3121"/></Shape>
	    <String CONTENT="que la dame Brick a reçu  la somme de deux francs à titre d’avance "
                    HPOS="729"
                    VPOS="3121"
                    WIDTH="2158"
                    HEIGHT="135"></String>
          </TextLine>

          
          
          <TextLine ID="r3l32"
                    
                    BASELINE="731 3326 837 3324 943 3324 1049 3323 1155 3323 1262 3321 1368 3321 1474 3321 1580 3320 1686 3320 1793 3320 1899 3320 2005 3320 2111 3320 2217 3320 2324 3320 2430 3320 2536 3320 2642 3320 2748 3320 2855 3320" 
                    HPOS="725"
                    VPOS="3221"
                    WIDTH="2128"
                    HEIGHT="123">
            <Shape><Polygon POINTS="2599 3221 2595 3221 2592 3221 2446 3248 2365 3221 2361 3221 2338 3221 2300 3221 2261 3221 2223 3221 2184 3221 2146 3221 2108 3221 2069 3221 2031 3221 1992 3221 1962 3221 1958 3221 1954 3221 1862 3248 1797 3221 1793 3221 1789 3221 1785 3221 1720 3252 1401 3225 1397 3225 1393 3225 1332 3252 1186 3229 1182 3229 1178 3229 1098 3252 1021 3225 1017 3225 1013 3225 1009 3225 898 3252 771 3233 768 3233 764 3233 760 3233 725 3248 729 3325 729 3344 2849 3336 2853 3317 2849 3252 2684 3252 2664 3233 2664 3229 2661 3229 2657 3229 2653 3229 2649 3229 2645 3229 2630 3244 2603 3221 2599 3221"/></Shape>
	    <String CONTENT="sur travail ; attendu que les époux Monterme ne s’opposent "
                    HPOS="725"
                    VPOS="3221"
                    WIDTH="2128"
                    HEIGHT="123"></String>
          </TextLine>

          
          
          <TextLine ID="r3l33"
                    
                    BASELINE="756 3426 860 3425 965 3423 1069 3422 1174 3420 1279 3419 1383 3419 1488 3417 1593 3417 1697 3417 1802 3416 1907 3416 2011 3416 2116 3416 2221 3416 2325 3416 2430 3416 2535 3416 2639 3416 2744 3416 2849 3416" 
                    HPOS="748"
                    VPOS="3321"
                    WIDTH="2097"
                    HEIGHT="138">
            <Shape><Polygon POINTS="2699 3321 2695 3321 2618 3340 2595 3321 2592 3321 2553 3321 2400 3340 2384 3340 2376 3340 2300 3321 2296 3321 2284 3321 2246 3321 2208 3321 2169 3321 2131 3321 2092 3321 2054 3321 2015 3321 1977 3321 1939 3321 1900 3321 1862 3321 1823 3321 1785 3321 1747 3321 1708 3321 1704 3321 1701 3321 1697 3321 1643 3336 1612 3344 1585 3336 1543 3321 1539 3321 1536 3321 1532 3321 1489 3336 1443 3348 748 3333 752 3425 752 3459 2841 3436 2845 3413 2841 3344 2703 3321 2699 3321"/></Shape>
	    <String CONTENT="pas à accorder un nouveau délai pour terminer le mantelet "
                    HPOS="748"
                    VPOS="3321"
                    WIDTH="2097"
                    HEIGHT="138"></String>
          </TextLine>

          
          
          <TextLine ID="r3l34"
                    
                    BASELINE="749 3516 856 3516 964 3515 1072 3515 1179 3515 1287 3513 1395 3513 1502 3512 1610 3512 1718 3510 1826 3510 1933 3510 2041 3509 2149 3509 2256 3509 2364 3509 2472 3509 2579 3509 2687 3509 2795 3510 2903 3510" 
                    HPOS="744"
                    VPOS="3417"
                    WIDTH="2155"
                    HEIGHT="134">
            <Shape><Polygon POINTS="2561 3417 2557 3417 2553 3417 2503 3440 2499 3444 2231 3444 2227 3440 2204 3417 2200 3417 2196 3417 2165 3417 2127 3417 2100 3417 2096 3417 2092 3417 2088 3417 2088 3421 2065 3440 2065 3444 1904 3444 1896 3440 1777 3417 1774 3417 1770 3417 1716 3440 1597 3417 1593 3417 1447 3440 1443 3440 1328 3421 1320 3421 1297 3421 1274 3440 1274 3444 1178 3444 1178 3440 1128 3421 1128 3421 1090 3421 1052 3425 1013 3425 975 3425 936 3425 898 3425 860 3425 856 3425 837 3440 837 3444 744 3444 748 3513 748 3551 1063 3532 2895 3532 2899 3509 2895 3436 2856 3421 2853 3421 2849 3421 2845 3421 2841 3421 2841 3425 2822 3440 2822 3444 2684 3444 2680 3440 2649 3421 2645 3421 2641 3421 2638 3421 2634 3421 2630 3421 2607 3440 2565 3417 2561 3417"/></Shape>
	    <String CONTENT="confié à la dame Brick ; attendu qu’il paraît constant que le "
                    HPOS="744"
                    VPOS="3417"
                    WIDTH="2155"
                    HEIGHT="134"></String>
          </TextLine>

          
          
          <TextLine ID="r3l35"
                    
                    BASELINE="744 3612 851 3614 959 3614 1067 3614 1174 3614 1282 3614 1390 3614 1497 3614 1605 3612 1713 3612 1821 3611 1928 3611 2036 3611 2144 3609 2251 3609 2359 3608 2467 3608 2574 3608 2682 3608 2790 3606 2898 3606" 
                    HPOS="737"
                    VPOS="3509"
                    WIDTH="2158"
                    HEIGHT="150">
            <Shape><Polygon POINTS="2864 3513 2830 3536 2776 3509 2772 3509 2734 3509 2695 3509 2657 3509 2638 3509 2634 3509 2630 3509 2626 3509 2626 3513 2599 3532 2568 3509 2565 3509 2561 3509 2557 3509 2553 3509 2545 3509 2461 3536 2112 3517 1954 3509 1927 3513 1912 3513 1904 3521 1877 3540 1789 3540 1770 3525 1758 3513 1754 3513 1751 3513 1747 3513 1743 3513 1739 3513 1727 3525 1712 3536 1693 3525 1670 3513 1666 3513 1662 3513 1658 3513 1624 3525 1597 3536 1589 3525 1578 3517 1578 3513 1574 3513 1570 3513 1543 3513 1505 3513 1466 3513 1428 3513 1390 3513 1382 3513 1305 3528 1271 3536 1240 3532 1152 3517 1121 3517 1086 3517 1056 3536 1048 3540 871 3540 871 3536 825 3517 814 3517 779 3517 737 3532 741 3609 741 3659 863 3655 867 3655 871 3655 902 3632 956 3655 959 3655 963 3659 1251 3659 1251 3655 1255 3655 1259 3655 1282 3636 1524 3655 1528 3655 1532 3655 1536 3655 1539 3655 1578 3632 1916 3655 1950 3655 1954 3655 1969 3655 2123 3632 2369 3632 2388 3651 2388 3655 2392 3655 2396 3655 2400 3655 2403 3655 2411 3651 2449 3636 2887 3647 2895 3605 2880 3513 2864 3513"/></Shape>
	    <String CONTENT="prix de la broderie du mantelet a été fixé à quinze francs, déduction"
                    HPOS="737"
                    VPOS="3509"
                    WIDTH="2158"
                    HEIGHT="150"></String>
          </TextLine>

          
          
          <TextLine ID="r3l36"
                    
                    BASELINE="762 3713 864 3713 966 3713 1069 3713 1171 3712 1274 3711 1376 3711 1479 3710 1581 3710 1684 3708 1786 3708 1888 3707 1991 3706 2093 3705 2196 3705 2298 3704 2401 3704 2503 3704 2606 3702 2708 3702 2811 3702" 
                    HPOS="756"
                    VPOS="3609"
                    WIDTH="2054"
                    HEIGHT="150">
            <Shape><Polygon POINTS="2791 3609 2787 3609 2726 3640 2407 3640 2380 3613 2380 3609 2376 3609 2373 3609 2369 3609 2330 3609 2292 3609 2254 3609 2242 3609 2238 3609 2234 3609 2231 3609 2231 3613 2227 3617 2211 3628 2181 3617 2158 3609 2154 3609 2150 3609 2088 3617 1973 3636 1954 3621 1946 3613 1943 3613 1939 3613 1908 3613 1870 3613 1831 3613 1793 3613 1770 3613 1754 3624 1739 3640 1701 3624 1678 3617 1674 3617 1670 3617 1666 3617 1662 3617 1655 3624 1635 3640 1509 3628 1420 3621 1416 3621 1271 3632 1178 3640 1171 3636 1152 3617 1140 3617 1109 3617 967 3636 902 3617 871 3617 867 3613 837 3640 833 3644 756 3644 760 3709 768 3747 787 3732 871 3747 925 3755 929 3755 1152 3743 1370 3732 1386 3740 1401 3755 1405 3755 1409 3755 1413 3759 1620 3759 1620 3755 1624 3755 1628 3755 1628 3751 1643 3736 1647 3736 1655 3736 1751 3755 1754 3755 1758 3755 1800 3736 1816 3728 1896 3732 2104 3751 2108 3751 2227 3728 2246 3728 2480 3728 2638 3728 2672 3751 2676 3751 2680 3751 2684 3751 2807 3720 2810 3701 2799 3609 2791 3609"/></Shape>
	    <String CONTENT="à faire de la soie employé pour la broderie ; Par ces motifs "
                    HPOS="756"
                    VPOS="3609"
                    WIDTH="2054"
                    HEIGHT="150"></String>
          </TextLine>

          
          
          <TextLine ID="r3l37"
                    
                    BASELINE="722 3815 829 3815 936 3813 1043 3813 1151 3812 1258 3810 1365 3810 1473 3809 1580 3809 1687 3807 1795 3807 1902 3806 2009 3806 2116 3804 2224 3804 2331 3803 2438 3803 2546 3803 2653 3803 2760 3801 2868 3801" 
                    HPOS="718"
                    VPOS="3705"
                    WIDTH="2146"
                    HEIGHT="146">
            <Shape><Polygon POINTS="2549 3705 2545 3705 2522 3705 2484 3705 2446 3705 2407 3705 2369 3705 2350 3705 2346 3705 2342 3705 2338 3705 2338 3709 2323 3724 2304 3743 2169 3724 2161 3724 2158 3724 2154 3724 2108 3743 2077 3724 2073 3724 2069 3724 2065 3724 2058 3724 1969 3743 1939 3724 1916 3709 1912 3709 1908 3709 1870 3709 1831 3709 1793 3709 1781 3709 1777 3709 1774 3709 1735 3728 1689 3747 1639 3728 1628 3724 1624 3724 1620 3724 1601 3728 1516 3747 1493 3728 1474 3713 1470 3713 1466 3713 1463 3713 1459 3713 1416 3728 1370 3751 1301 3751 1282 3728 1267 3717 1267 3713 1263 3713 1259 3713 1255 3713 1251 3713 1194 3732 1163 3740 1132 3732 1109 3724 1105 3724 1102 3724 1098 3724 1094 3724 1094 3728 1090 3732 1067 3755 956 3755 910 3732 871 3717 867 3717 863 3717 718 3732 721 3813 721 3851 2860 3832 2864 3797 2856 3720 2588 3740 2568 3720 2553 3709 2553 3705 2549 3705"/></Shape>
	    <String CONTENT="Le bureau Général jugeant en dernier ressort  - Dire et "
                    HPOS="718"
                    VPOS="3705"
                    WIDTH="2146"
                    HEIGHT="146"></String>
          </TextLine>

          
          
          <TextLine ID="r3l38"
                    
                    BASELINE="744 3909 851 3909 959 3909 1066 3909 1174 3908 1282 3908 1389 3908 1497 3906 1605 3906 1712 3905 1820 3905 1928 3903 2035 3903 2143 3902 2251 3902 2358 3900 2466 3900 2574 3900 2681 3900 2789 3899 2897 3899" 
                    HPOS="737"
                    VPOS="3805"
                    WIDTH="2158"
                    HEIGHT="146">
            <Shape><Polygon POINTS="2580 3805 2545 3805 2496 3813 2457 3820 2449 3816 2438 3805 2426 3805 2407 3805 2396 3816 2376 3828 2342 3816 2307 3805 2273 3805 2265 3805 2196 3816 2165 3820 2138 3816 2050 3805 2042 3805 2004 3809 2000 3809 1977 3820 1954 3832 1843 3832 1800 3820 1743 3809 1735 3809 1704 3809 1693 3820 1681 3828 1643 3820 1578 3813 1574 3813 1570 3813 1566 3813 1555 3824 1543 3832 1528 3824 1497 3809 1466 3809 1420 3824 1390 3832 1355 3824 1301 3813 1274 3813 1236 3813 1198 3813 1159 3813 1121 3813 1082 3813 1044 3813 1006 3813 983 3813 967 3828 963 3832 737 3832 741 3905 741 3924 948 3951 952 3951 956 3951 1029 3928 1086 3951 1090 3951 1094 3951 1098 3951 1163 3928 1167 3928 1259 3928 1282 3947 1282 3951 1286 3951 1290 3951 1294 3951 1297 3951 1363 3932 1409 3951 1413 3951 1416 3951 1420 3951 1424 3951 1455 3932 1804 3951 1808 3951 1812 3951 1816 3951 1839 3932 1850 3924 2219 3924 2234 3932 2269 3947 2273 3947 2277 3947 2353 3932 2376 3928 2396 3932 2449 3947 2453 3947 2457 3947 2584 3932 2668 3924 2891 3932 2895 3897 2887 3813 2626 3828 2599 3813 2588 3805 2580 3805"/></Shape>
	    <String CONTENT="ordonne que les époux Brick seront tenus de remettre avant "
                    HPOS="737"
                    VPOS="3805"
                    WIDTH="2158"
                    HEIGHT="146"></String>
          </TextLine>

          
          
          <TextLine ID="r3l39"
                    
                    BASELINE="753 4011 856 4010 959 4008 1062 4008 1165 4008 1268 4007 1371 4007 1474 4005 1577 4005 1680 4005 1783 4004 1886 4004 1989 4004 2092 4002 2195 4001 2298 4001 2401 3999 2504 3998 2607 3996 2710 3994 2813 3992" 
                    HPOS="748"
                    VPOS="3901"
                    WIDTH="2062"
                    HEIGHT="157">
            <Shape><Polygon POINTS="2707 3901 2699 3901 2645 3928 2618 3909 2615 3909 2611 3909 2607 3909 2499 3928 2400 3905 2396 3905 2392 3905 2388 3905 2300 3932 2292 3932 2288 3932 2250 3901 2246 3905 2208 3905 2169 3905 2131 3905 2092 3905 2054 3905 2015 3905 1977 3905 1954 3905 1950 3905 1946 3905 1904 3932 1896 3935 1862 3932 1754 3912 1751 3912 1747 3912 1743 3912 1724 3932 1712 3939 1424 3939 1413 3932 1390 3912 1390 3909 1386 3909 1382 3909 1363 3909 1324 3909 1286 3909 1248 3909 1232 3909 1228 3909 1224 3909 1182 3932 1155 3947 1082 3947 1067 3932 1052 3916 1052 3912 1048 3912 1044 3912 1040 3912 748 3928 752 4008 752 4035 871 4051 875 4051 879 4051 921 4035 929 4031 936 4035 956 4055 956 4058 959 4058 963 4058 967 4058 1071 4035 1075 4035 1079 4035 1155 4058 1159 4058 1163 4058 1167 4058 1171 4058 1205 4035 1205 4031 1209 4035 1232 4055 1236 4055 1240 4055 1244 4055 1501 4031 1532 4031 1536 4031 1566 4055 1570 4055 1574 4055 1578 4055 1800 4051 1804 4051 1843 4031 1858 4024 1954 4031 2123 4043 2127 4043 2196 4028 2227 4024 2323 4028 2576 4043 2580 4043 2584 4043 2622 4028 2634 4020 2645 4028 2661 4039 2664 4039 2668 4039 2672 4039 2807 4024 2810 3989 2807 3932 2726 3901 2707 3901"/></Shape>
	    <String CONTENT="le dix janvier courant aux époux Monterme le mantelet "
                    HPOS="748"
                    VPOS="3901"
                    WIDTH="2062"
                    HEIGHT="157"></String>
          </TextLine>

          
          
          <TextLine ID="r3l40"
                    
                    BASELINE="750 4116 855 4115 960 4113 1065 4113 1170 4112 1275 4110 1380 4110 1485 4109 1590 4107 1695 4107 1801 4106 1906 4105 2011 4104 2116 4104 2221 4103 2326 4103 2431 4103 2536 4103 2641 4103 2746 4103 2852 4103" 
                    HPOS="744"
                    VPOS="4005"
                    WIDTH="2105"
                    HEIGHT="161">
            <Shape><Polygon POINTS="748 4112 748 4166 1017 4139 1182 4158 1221 4162 1224 4162 1267 4158 1416 4135 1612 4151 1727 4158 1731 4158 1735 4158 1739 4158 1751 4147 1774 4131 1923 4143 1977 4147 1981 4147 2031 4143 2146 4128 2307 4135 2626 4154 2630 4154 2634 4154 2699 4128 2703 4128 2757 4147 2760 4147 2764 4147 2768 4147 2849 4124 2849 4101 2837 4024 2768 4039 2703 4024 2615 4005 2611 4005 2607 4005 2603 4005 2572 4028 2545 4043 2457 4043 2430 4028 2380 4005 2376 4005 2373 4005 2369 4005 2319 4028 2296 4043 2188 4043 2161 4031 2104 4008 2100 4008 1820 4008 1816 4008 1812 4008 1808 4008 1774 4035 1758 4043 1681 4035 1562 4028 1559 4028 1466 4039 1409 4047 1393 4039 1332 4012 1328 4012 1324 4012 1171 4039 1152 4024 1152 4020 1148 4020 1144 4020 1140 4020 1044 4035 894 4012 890 4012 887 4012 883 4012 833 4047 829 4051 744 4051 748 4112"/></Shape>
	    <String CONTENT="que la dame Brick  ; Fixe à quinze francs le prix "
                    HPOS="744"
                    VPOS="4005"
                    WIDTH="2105"
                    HEIGHT="161"></String>
          </TextLine>

          
          
          <TextLine ID="r3l41"
                    
                    BASELINE="747 4233 855 4230 963 4229 1071 4226 1179 4224 1287 4221 1395 4220 1503 4218 1611 4215 1719 4214 1828 4212 1936 4211 2044 4211 2152 4209 2260 4209 2368 4208 2476 4208 2584 4209 2692 4209 2800 4211 2909 4212" 
                    HPOS="741"
                    VPOS="4104"
                    WIDTH="2165"
                    HEIGHT="185">
            <Shape><Polygon POINTS="2688 4104 2684 4104 2618 4131 2603 4139 2469 4139 2465 4131 2438 4112 2438 4108 2434 4108 2430 4108 2242 4108 2238 4108 2234 4108 2231 4108 2231 4112 2211 4128 2115 4112 2112 4112 2108 4112 2054 4139 2046 4147 1923 4147 1916 4143 1827 4112 1823 4112 1820 4112 1681 4135 1624 4116 1620 4116 1616 4116 1612 4116 1608 4116 1562 4147 1559 4147 1455 4124 1451 4124 1447 4124 1367 4151 1363 4151 1344 4131 1340 4131 1336 4131 1332 4131 1113 4154 1098 4154 1094 4154 990 4124 986 4124 983 4124 979 4124 975 4124 975 4128 948 4154 902 4128 898 4128 894 4128 890 4128 887 4128 887 4131 856 4158 741 4158 744 4231 744 4254 1009 4254 1013 4254 1059 4289 1063 4289 1067 4289 1071 4289 1224 4250 1236 4250 1255 4250 1524 4281 1528 4281 1532 4281 1536 4281 1589 4247 1593 4247 1670 4281 1674 4281 1678 4285 1816 4285 1816 4281 1820 4281 1823 4281 1870 4247 1873 4243 1885 4247 1973 4270 1977 4270 1981 4270 1985 4270 1989 4270 1989 4266 1992 4266 2012 4243 2058 4243 2085 4243 2177 4277 2181 4277 2184 4277 2323 4273 2327 4273 2330 4273 2330 4270 2357 4239 2361 4239 2453 4239 2457 4239 2496 4273 2499 4273 2503 4273 2507 4273 2618 4254 2711 4270 2714 4270 2718 4270 2722 4270 2757 4247 2833 4270 2837 4270 2841 4270 2845 4270 2906 4235 2906 4208 2903 4128 2691 4104 2688 4104"/></Shape>
	    <String CONTENT="de la broderie du dit mantelet déduction à faire du prix de  "
                    HPOS="741"
                    VPOS="4104"
                    WIDTH="2165"
                    HEIGHT="185"></String>
          </TextLine>

          
        </TextBlock>
        
      </PrintSpace>
    </Page>
  </Layout>
</alto>
