4608 3072
2547 176 425 133 Audience

2703 276 133 113 du

1812 325 1864 187 Vendredi cinq Février mil huit cent cinquante huit

1794 437 2040 182 siégeaient : Messieur Biétry, officier de la légion

1779 532 2153 174 d’honneur, président du Conseil de Prud’hommes du

1786 629 2153 179 département de la seine pour l’Industrie des tissus, Marienval,

1776 734 2128 179 Adolphe, Michel, Soutag et Dubosc, Prud’hommes assistés de

1774 839 1674 169 Monsieur Lecucq, secrétaire du dit Conseil.

1786 1026 2148 179 Entre Madame Désirée adélaïde Béalen, ouvrière,

1763 1139 2166 158 épouse assistée et autorisée du sieur Charles Maillot, et ce dernier,

1768 1249 2141 159 demeurant ensemble, les dits époux, à Passy près sParis, avenir Saint

1766 1336 2166 166 Denis, numéro vingt un ; Demandeur ; Comparant ; D’une part ;

1738 1451 2201 156 Et Madame veuve Ribon et Monsieur Duchesne son associé

1758 1551 2146 151 tous deux blanchisseurs de linge, demeurants tous deux à Passy,

1756 1643 2201 161 rue saint avenue saint Denis, numéro vingt sept, à Passy ; Défendeurs ;

1730 1748 2199 151 Défaillant ; D’autre part ; Point de fait - Par lettre du secrétaire

1763 1850 2176 159 du Conseil de Prud’hommes du Département de la Siene pour l’industrie

1753 1955 2186 151 des tissus en date à Paris, du mardi deux neuf Janvier mil huit cent cinquante

1738 2055 2145 151 huit les époux Maillot firent citer la veuve Ribon et Duchesne à

1725 2176 2222 128 comparaître pardevant le dit Conseil de Prud’hommes séant en Bureaux

1740 2273 2171 130 Particuliers les Mercredi vingt et samedi vingt trois Janvier mil huit

1730 2375 2174 141 cent cinquante huit pour se concilier si faire se pouvait sur la demande

1738 2483 2160 115 qu’ils entendaient former contre eux devant le dit Conseil en paiement

1733 2588 2191 115 de la somme de cinquante trois francs trente cinq centimes  qu’ils leur doivent

1707 2680 2204 146 pour prix de travaux faits par la dame Maillot pour leur compte, d’après

1733 2790 2158 161 leurs ordres et dans leurs ateliers. Les défendeurs n’ayant pas comparu
