4608 3072
619 1113 727 146 Dire et ordonner que

627 1241 745 110 dans le jour du jugement

609 1326 745 148 à intervenir la dame

609 1441 735 97 veuve Bouquet sera

616 1510 730 107 tenue de faire rentrer

609 1605 781 107 sa fille dans leurs ateliers

599 1697 742 105 pour y continuer son

611 1784 735 110 apprentissage, sinon

609 1866 770 115 et faute par elle de ce

581 1958 752 118 faire dans le dit jour

1436 189 2439 207 rentrer sa fille chez les époux Yékiche sous la réserve expresse qu’elle

1405 307 2463 187 ne sera occupée qu’aux travaux de son état, qu’elle ne  travaillera pas

1408 417 2457 184 au delà des heures foxées par la lois sur l’apprentissage, sinon à

1431 545 2437 169 payer las comme de trois cent francs à  aux termes de la convention

1418 640 2447 197 verbale d’apprentissage. La veuve Bouquet déclara préférer

1369 762 2499 169 payer la somme de trois cent francs en trois termes : cent francs

1408 875 2488 184 le quinze janvier, cent francs le quinze avril et cent francs le

1400 993 2488 182 quinze aout mil huit cent cinquante huit.  Les époux Yékiche

1418 1118 2427 159 ayant consenti à recevoir la somme de trois cents francs aux trois

1413 1244 2480 164 époques cidessus fixées la cause fut conciliée. La dame veuve

1400 1351 2511 172 Bouquet n’ayant pas satisfait au premier de ces paiement les époux

1408 1472 2488 163 Yékiche la firent de nouveau appelée à comparaître pardevant le dit Bureau

1446 1610 2458 148 Particulier du Conseil séant le Lundi dix huit janvier mil huit cent

1413 1710 2493 161 cinquante huit. La veuve Bouquet n’ayant pas comparu la cause fut

1400 1838 2516 166 renvoyée devant le Bureau Général du dit Conseil séant le vendredi

1408 1984 2513 133 vingt deux Janvier mil huit cent cinquante huit et ajouré au vendredi

1395 2083 2526 146 vingt neuf janvier même mois. Cité à comparaître le dit jour vingt cinq

1408 2216 2519 149 Janvier par exploit de Fontaine huissier à Paris, en date du vingt cinq

1390 2334 2554 151 janvier mil huit cent cinquante huit, visé pour timbre et enregistrement à

1382 2455 2560 151 Paris, le vingt six Janvier mil huit cent cinquante huit, en délier de

1369 2590 2593 144 un franc vingt cinq centimes, folio cinquante quatre case trois, signé : L Drevon

1402 2713 2553 164 la veuve Bouquet ne comparut pas. A l’appel de la cause les époux

1364 2841 2588 133 Yékiche se présentèrent et concluent à ce qu’il plut au Bureau Général
