4608 3072
1648 1121 2030 138 d’après leurs ordres. Ne pouvant se faire payer de cette somme   les époux

1646 1205 2025 139 Grad firent citer les époux Lemonnier à comparaître par devant le

1617 1292 2051 149 Conseil de Prud’homme pour l’industrie des tissus établi à Paris pour le

1594 1384 2084 157 Département de la Seine séant en Bureaux Particuliers les Samedi

1607 1505 2066 123 neuf et Lundi onze Janvier mil huit cent cinquante huit pour se concilier

1602 1579 2102 141 si faire se pouvait sur la demande qu’il entendaient former contre eux devant

1587 1671 2091 146 le dit Conseil en paiement de somme de neuf francs qu’ils leur doivent pour

1582 1771 2089 146 prix de travaux faits par la dame Grad pour leur compte et d’après leurs

1592 1886 2096 113 ordres. Les époux Lemonnier n’ayant pas comparu la cause fut renvoyée

1602 1966 2086 130 devant le Bureau Général du dit Conseil séant le Vendredi quinze Janvier

1600 2071 2101 105 mil huit cent cinquante huit et ajournée au vendredi vingt deux du même

1597 2160 2107 126 mois. Cités pour le dit jour vingt deux Janvier par exploit de Fontaine,

1569 2257 2125 128 huissier à Paris, en date du dix huit Janvier mil huit cent cinquante

1582 2350 2094 133 huit, visé pour timbre et Enregistré à Paris, le dix neuf Janvier

1592 2460 2112 107 mil huit cent cinquante huit en délier de un franc cinq centimes, folio

1582 2549 2124 118 quarante trois, case huit, signé : Drevon, les époux Lemonnier ne

1566 2636 2125 144 comparurent pas. A l’appel de la cause les époux Grad se présentèrent et

1566 2757 2130 143 Conclurent à ce qu’il plut au Bureau Général du dit Conseil autoriser
