4608 3072
1082 163 2768 174 Défendeurs ; Comparant ; D’autre part ; Point de fait - Par lettre

1088 299 2752 159 du secrétaire du Conseil de Prud’hommes du Département de la Seine

1077 427 2773 146 en date du onze Janvier mil huit cent cinquante huit la demoiselle

1088 542 2764 151 Dumont fit citer les époux Michel-Poiret à comparaitre par devant

1093 680 2754 146 le dit conseil séant en Bureau Particulier les mardi douze et samedi

1077 796 2798 158 seize Janvier mil huit cent cinquante huit pour se concilier si faire

1070 913 2810 175 se pouvait sur la demande qu’elle entendait former contre eux devant

1059 1047 2839 166 le dit Conseil  en paiement de la somme de vingt cinq francs vingt centimes

1075 1177 2829 169 qu’elle prétend lui être dus pour prix de travaux par elle fait pour leur

1077 1344 2834 130 compte et sur leurs ordres de la dame Michel. Les défendues n’ayant

1080 1454 2854 163 pas comparu la cause fit renvoyée devant le Bureau Général du dit Conseil

1093 1589 2826 156 séant le vendredi vingt deux Janvier mil huit cent cinquante huit et

1075 1712 2867 177 ajourné au vendredi vingt neuf mil huit cent cinquante huit. Cités pour le

1077 1848 2867 166 dit jour vingt neuf Janvier les époux Michel-Poiret comparurent.

1047 1989 2900 184 A l’appel de la cause la demoiselle Dumont se présenta et conclut à ce

1067 2132 2885 164 qu’il plut au Bureau Général dudit Conseil attendu qu’ayant travaillé

1049 2263 2911 166 pour la dame Michel-Poiret, cette dernière l’a payé régulièrement

1057 2424 2913 153 jusqu’au trois septembre dernier ; attendu qu’a partir de ce jour elle

1054 2544 2939 190 cessa de la payer pendant trois semaines, après lesquelles elle lui déclara

1054 2698 2888 164 qu’ayant eu son terme payer elle ne pouvait lui solder le prix

1070 2818 2900 190 de ses trois semaines en une seule fois ; qu’elle lui paierait le travail
