4608 3072
1141 104 2870 180 causé un préjudice de perte de temps, ce qu’il doit réparer.

1134 243 2782 164 Par ces motifs - le Bureau Général jugeant en dernier ressort –

1126 363 2895 159 Donne défaut contre Roguer non comparant ni personne pour

1111 491 2869 156 lui quoique dument appelé ; Et adjugeant le profit du dit défaut ;

1131 606 2913 172 Condamner Roger à payer avec intérêts suivant la loi à Denhard

1100 755 2934 156 la somme de quatorze francs qu’il lui doit pour prix de travaux

1047 890 2985 149 par lui faits pour son compte, d’après ses ordres et dans ses ateliers,

1103 1034 2972 125 plus une indemnité de neuf francs pour temps perdu ; Le condamne

1113 1175 2898 107 en outre aux dépens taxés et liquidés en vers le demandeur à la

1123 1300 2955 138 somme de deux francs quarante six centimes, et à celle de un francs

1098 1425 2992 141 quarante centimes envers le Trésor Public pour le papier timbré

1113 1571 2965 136 de la présente minute, le papier timbré et l’enregistrement de la

1103 1702 3013 146 citation, conformément à la loi du sept aout mil huit cent cinquante huit,

1093 1820 2982 161 ence, non compris le cout du présent jugement, la signification d’celui

1090 1955 3006 169 et ses suites. Et vu les articles 437 du code de procédure civilise, 27 et 42

1085 2104 2975 153 du décret du onze juin 1809 pour signifier au défendeur le présent

1062 2232 3074 182 jugement, Comme Fontaine, l’un de ses huissiers audiencier.

1034 2393 2009 254 Ainsi jugé les jour, mois et an que dessus.
