3072 4608
737 245 2050 204 n'ayant pas comparu la cause fut renvoyée devant le Bureau Général

733 345 2039 200 dudit Conseil séant le vendredi onze juin Mil huit Cent Cinquante huit.

737 433 2027 196 Cités pour le dit jour onze juin les époux Linger ne comparurent

744 522 2024 207 pas. A l'appel de la cause la demoiselle Thierry se présenta et

721 614 2032 200 Conclut à ce qu'il plut au Bureau Général dudit Conseil autoriser

725 714 2032 196 la dame Linger à citer en justice faute par son mari de l'avoir fait

725 802 2039 196 Donner défaut Contre les époux Linger non comparants ni personne

718 898 2042 204 pour eux quoique dument appelés, Et pour le profit dudit défaut

729 994 2039 192 Condamner les époux Linger à lui payer avec intérêts suivant la

695 1082 2077 189 loi la somme de six francs qu'ils lui doivent pour prix de travaux

695 1186 2046 184 par elle faits pour leur compte sur les ordres et dans les ateliers

710 1278 2054 192 de le dame Linger, plus une indemnité pour le préjudice

706 1386 2058 192 de perte de temps qu'ils lui ont fait éprouver en ne comparaissant

741 1474 2027 196 pas devant les Bureaux du Conseil et les dépens. Point de droit

714 1562 2039 196 Doit-on donner défaut contre les époux Linger non comparants

691 1662 2050 196 ni personne pour eux quoique dument appelés et pour le profit

695 1754 2069 196 adjuger à la demanderesse les conclusions par elle précèdemment prises ?

660 1854 2085 188 que doit-il être statué à l'égard des dépens ? Après avoir entendu la

679 1954 2078 184 demoiselle Thierry en ses demandes et conclusions et en avoir délibéré

656 2039 2108 195 conformément à la loi; Attendu que la demande de la demoiselle Thierry

672 2142 2065 204 parait juste et fondée, que d'ailleurs elle n'est pas contestée par les

672 2238 2092 185 époux Linger non comparants ni personne pour eux quoique dument

664 2334 2089 196 appelés. Attendu qu'en ne comparaissant pas devant les Bureaux

668 2446 2073 172 du Conseil les époux Linger ont causé à la demoiselle Thierry un

645 2534 2096 180 préjudice de perte de temps, ce qu'ils doivent réparer ; Par ces motifs

641 2638 2085 188 le Bureau Général jugeant en premier ressort : Donne défaut contre

641 2734 2089 188 les époux Linger non comparants ni personne pour eux quoique

629 2826 2112 192 dument appelés ; Et adjugeant le profit dudit défaut ; Condamne

614 2922 2127 192 les époux Linger à payer avec intérêts suivant la loi à la demoiselle

633 3014 2108 196 Thierry la somme de six francs qu'ils lui doivent pour prix de

637 3106 2024 200 travaux par elle faits pour leur compte et d'après leurs ordres,

610 3217 2112 208 plus une indemnité de quatre francs cinquante centimes pour temps

629 3321 2105 204 perdu. Les condamne en outre aux dépens taxés et liquidés envers la demoiselle

614 3406 2112 192 la somme de deux francs dix centimes, et à celle de soixante quinze centimes

618 3494 2116 230 envers le Trésor Public pour le papier timbré de la présente minute, conformément

618 3590 2100 219 à la loi du sept août mil huit cent cinquante, ence, non compris le cout du

579 3682 2155 238 présent jugement, la signification d'icelui et ses suites. Et vu les articles

568 3782 2158 230 435 du code de procédure civile, 27 et 42 du décret du onze juin 1809 pour

583 3882 2139 215 signifier aux défenseurs le présent jugement ; commet Potin, l'un de ses huissiers

552 3974 1571 322 audienciés. Ainsi jugé les jour moi et an que dessus.
