4608 3072
1359 1034 2342 138 des condamnations portées au jugement du vingt sept novembre

1361 1136 2335 141 dernier ; Ordonne l’exécution provisoire du présent jugement

1369 1246 2345 141 par provision, nonobstant appel jusqu’à convenir sans qu’il

1346 1364 2368 120 soit besoin par la demanderesse de fournir caution conformément

1344 1469 2368 123 à l’article quatorze de la loi du premier juin mil huit cent cinquante

1369 1566 2360 133 trois ; Condamne la demoiselle Marie Mérel aux dépens taxés

1336 1697 2373 107 et liquidés envers la demanderesse à la somme de trois francs autre

1341 1807 2373 113 vingt six centimes, et à celle de deux francs soixante centimes envers

1351 1914 2389 118 le Trésor Public pour le papier timbré de la présent minute,

1331 2024 2396 149 le papier timbré et l’enregistrement de la citation, conformément à la

1320 2152 2415 134 loi du sept aout mil huit cent cinquante, ence, non compris le cout du présent

1320 2242 2412 141 jugement, la signification d’celui et ses suites. Et vu les articles 435 du

1282 2352 2445 141 code de procédure civile, 27 et 42 du décret du onze juin 1809, pour signifier à la

1318 2462 2434 177 défenderesse le présent jugement, commet Fontaine, l’un de ses huissier

1320 2603 1964 172 audiences. Ainsi jugé les jour, mois et an que dessus.
