4608 3072
1533 30 2017 128 payer avec intérêts suivant la loi la somme de quatrevingts francs à

1541 122 2027 141 titre de dommages-intérêts et le condamner en outre aux dépens

1561 220 2017 133 Point de droit Doit on donner défaut contre Duroy non comparant

1546 312 2040 153 ni personne pour lui quoique dument appelé et pour le profit adjuger aux

1548 430 2023 112 demandeurs les conclusions par eux précèdemment prises ?. Que doit-il

1536 509 2037 136 être statué à l'égard des dépens? Après avoir entendu les époux Gathelier

1533 627 2045 112 en leurs demandes et conclusions et en avoir délibéré conformément à la

1518 719 2066 136 loi ; Attendu que la demande des poux Gathelier est juste et fondée ; que

1597 821 1994 131 d'ailleurs elle n'est pas contestée par Duroy non comparant ni personne

1525 916 2061 125 pour lui régulièrement quoique dumant appelé; Par ces motifs

1518 1011 2073 123 Le Bureu Général jugeant en prenmier ressort - Donne défaut contre

1510 1111 2089 125 Duroy non comparant ni personne pour lui régulièrement quoique

1543 1208 2043 141 dument appelé ; Et adjugeant le profit du dit defaut, Dit et

1541 1315 2050 110 ordonne que dans le jour qu suivra la signification du présent jugement

1536 1405 2032 118 Duroy sera tenue de faire rentrer sa fille maria dans les ateliers

1525 1515 2074 110 des époux Gathelier pour continuer son apprentissage sinon

1523 1602 2066 128 faute par lui de ce faire dans le dit jour et icelui passé, Le Condamne

1525 1707 2074 105 dès à présent à payer avec intérêts suivant la loi aux époux Gathelier

1538 1794 2056 136 la somme de quatre vingt francs à titre de dommages-intérêts. Le

1489 1894 2092 125 Condamne en outre aux dépens taxés et liquidés envers les demandeurs à la

1518 2001 2073 105 somme de deux francs dix centimes , et à celle de soixante quinze centimes envers

1528 2091 2063 151 le trésor Public pour le papier timbré de la présente minute, conformément

1559 2204 2032 120 à la loi du sept août mil huit cent cinquante , en ce, non compris le cout du

1528 2291 2058 125 présent jugement, la signification d'icelui et des suites et vu les articles 43

1533 2393 2058 128 du code de procèdure civile, 27 et 42 du décret du onze juin 1809 pour signifier au

1512 2488 2061 156 défendeur le présent jugement, Commet Fontaine, l'un de ses huissiers audienciers

1518 2595 1095 162 Ainsi juge les jour mois et an que dessus.
