3072 4608
802 264 2051 212 doit on, conformément aux conclusions de la veuve Doré dire et

810 372 2073 200 ordonner que les conventions verbales d'apprentissage dont s'agit

783 453 2097 211 seront et demeureront purement et simplement résolues et déclarent

787 545 2046 203 Simon nonrecevable en sa demande en paiement de deux Cents

798 652 2043 188 francs à titre de dommages-intérêts ? Que doit-il être statué à

802 737 2066 192 l'égard des dépens ? Après avoir entendu les parties en leurs demandes

787 825 2100 215 et conclusions respectivement et en avoir délibéré conformément à la loi;

787 921 2093 188 attendu qu'il est constant que des conventions verbales intervenue

775 1025 2097 176 entre la veuve Doré, D'une parts ,et Simon, d'autre part, le dix huit

775 1125 2108 184 novembre mil huit cent cinquante six la dame veuve Doré a placé

768 1209 2112 204 sa fille Emélie Chez Simon en qualité d'apprentie pour quatre ans

779 1309 2108 196 et demi ; attendu qu'il résulte de l'audition des parties à l'audience

764 1401 2116 192 et des renseignements pris par le Conseil que les faits reprochés à Simon

768 1501 2096 180 par la veuve Doré sont denués de fondement ; que le Conseil

764 1605 2089 180 ne voyant aucun motif pour rompre les dites Conventions verbales

756 1701 2097 157 ne peut qu'en ordonner l'éxécution en paiement de dommages

744 1800 2089 177 intérêts au profit du dit Simon ; que le Conseil, ayant les élements

771 1900 2051 150 nécessaires, trouve qu'au cas ou la veuve Doré ne ferait rentrer

744 1996 2132 150 sa fille chez Simon, la somme de deux Cents qu'il demande à titre

725 2096 2105 165 de dommages-intérêts n'est pas exagérée ; Par ces motifs –

725 2188 2139 158 Le Bureau Général jugeant en premier ressort ; Dit et

748 2296 2139 153 ordonne que dans le jour qui suivra la signification du présent

768 2392 2115 142 jugement la mineure Emélie Doré sera tenue de rentrer

752 2503 2147 131 dans les ateliers de Simon pour y continuer son apprentissage, sinon

741 2592 2104 130 et faute par elle de ce faire dans le dit jour et par sa mère de l'y

718 2680 2146 153 contraindre ; Condamne dès à présent la dame veuve Doré à

729 2791 2112 135 payer avec intérêts suivant la loi à Simon la somme de deux

737 2887 2166 146 Cents francs à titre de dommages-intérêts ; Condamne la veuve

729 2995 2177 123 Doré aux dépens taxés et liquidés envers le demandeur à la somme

744 3095 2143 138 de un franc quarante centimes, et à celle de un franc envers le

729 3191 2170 165 Trésor Public pour le papier timbré de la présente minute ; conformément

744 3290 2136 142 à la loi du sept août mil huit Cent Cinquante, ence, non compris

737 3394 2154 131 le cout du présent jugement, la signification d'icelui et ses suites.

721 3490 1379 296 Ainsi jugé les jour mois et an que dessus.
