3072 4608
718 119 2131 211 des Mardi huit et Lundi sept et Mardi huit Juin mil huit Cent

695 234 2154 188 Cinquante huit les époux Mellot firent citer la dame veuve Cartigny

714 337 2131 185 à comparaître par devant le dit conseil de Prud'hommes séant en

710 437 2131 185 Bureaux Particuliers les Mardi huit et Mercredi neuf Juin mil

706 529 2135 189 huit cent cinquante huit pour se concilier si faire se pouvait sur

706 633 2124 192 la demande qu'ils entendaient former contre elle devant le dit Conseil

706 737 2131 192 en paiement de la somme de dix sept francs quarante cinq centimes

702 837 2139 203 qu'elle leur doit pour prix de travaux faits pour la dame Mellor pour

702 940 2124 181 son compte et d'après ses ordres. La dame veuve Cartigny n'ayant

718 1040 2123 192 pas comparu la cause fut renvoyée devant le Bureau Général du

687 1144 2150 192 dit Conseil séant le vendredi dix huit Juin mil huit cent Cinquante

702 1251 2120 173 huit et ajournée au vendredi dix huit Juin même mois, Citée

695 1351 2185 181 à comparaître le dit jour dix huit Juin par exploit de Potin

675 1455 2151 165 huissier à Paris en date du quatorze Juin mil huit cent cinquante

679 1559 2154 184 huit, visé pour timbre et enregistré à Paris, le quinze Juin mil

656 1666 2181 173 huit cent Cinquante huit, en débet de soixante dix centimes, folio

679 1766 2162 177 quarante Cinq, case neuf signé ; L Drevon la veuve Cartigny

679 1870 2151 157 ne comparant pas. A l'appel de la cause les époux Mellor se

664 1977 2166 165 présentèrent et conclurent à ce qu'il plut au Bureau Général du

679 2077 2151 180 dit Conseil donner défaut contre la dame veuve Cartigny non

668 2188 2177 181 comparante ni personne pour elle quoique dument appelée

679 2280 2158 173 et pour le profit la condamner à leur payer avec intérets pour

668 2396 2173 138 la loi la somme de dix sept francs quarante cinq centimes qu'elle

664 2492 2169 172 leur dit pour prix de travaux faits par la dame Mellor pour son

648 2599 2185 158 compte et d'après ses ordres, plus, à leur payer cette indemnité qu'il

648 2695 2185 138 plaira au Conseil fixer pour le temps qu'elle leur a fait perdre en ne

664 2803 2154 142 comparaissant pas devant les Bureaux du Conseil et les dépens

668 2906 2131 146 Pont de droit — Doit-on donner défaut contre la veuve Cartigny

668 3002 2154 166 non comparante ni personne pour elle quoique dument appelée

652 3110 2166 150 pour le profit adjuger aux demandeurs les conclusions par

660 3217 2162 131 eux précédemment prises ? Que doit-il être statué à l'égard des dépends

599 3302 2223 165 Après avoir entendu les époux Mellor en leurs demandes et conclusions

660 3417 2154 146 et en avoir délibéré Conformément à la loi ; attendu que la demande des

652 3517 2151 150 époux Mellor parait juste et fondée ; que d'ailleurs elle n'est pas contestée

656 3621 2151 146 par la veuve Cartigny non comparante ni personne pour elle quoique

675 3732 2116 131 dument appelée ; attendu qu'en ne comparaissant pas devant les

664 3816 2154 150 Bureaux du Conseil la veuve Cartigny a causé aux époux Mellor un

672 3912 2131 154 préjudice de perte de temps, ce qu'elle doit réparer ; Par ces motifs le Bureau

637 4012 2170 158 Général jugeant en dernier ressort — Donne défaut contre la veuve

652 4112 2151 138 Cartigny non comparante ni personne pour elle quoique dument

675 4204 2109 185 appelée ; et adjugeant le profit du dit défaut, Condamne la
