4608 3072
1387 540 2340 140 de chaque semaine à venir et lui donnerait des à comptes sur

1945 647 1797 128 l’arriéré ; attendu que la dame Michel n’avait

1374 755 2378 146 donné sur le compte de travail restant du et qu’elle lui redoit à la

1382 870 2370 146 somme de vingt cinq francs vingt cinq centimes. Par ces motifs –

1392 972 2386 156 Condamner les époux Michel-Poiret à lui payer solidairement  et

1392 1093 2371 151 avec intérêts suivant la loi la somme de vingt cinq francs vingt cinq

1356 1210 2422 154 centimes pour prix de travaux par elle faits  pour leur compte et sur

1356 1328 2430 146 les ordres de la dame Michel-Poiret et les condamner en outre aux

1387 1428 2401 164 dépens. De leur coté les époux Michel-Poiret se présentèrent et

1356 1543 2432 154 conclurent à ce qu’il plut au Bureau Général  du dit Conseil attendu

1372 1661 2439 166 que la demoiselle Dumont a été régulièrement payée de son travail

1379 1786 2425 151 de chaque semaine qu’a aucune époque il n’a été laissé aucun

1387 1899 2414 166 arriéré ainsi que le constatera son livre de travail ou les articles par

1356 2022 2453 166 elle confectionnés sont écrits de la main de la dame Michel qui a

1361 2129 2450 180 mis le mot payé au bas de chaque page. Par ces motifs  ; Déclarer

1374 2247 2445 174 la demoiselle  Dumont non recevable en sa demande l’en

1379 2362 2453 182 débouter comme mal fondée en icelle et la condamner aux dépens.

1356 2472 2489 198 Point de droit - Devait-on condamner les époux Michel-Poiret

1382 2600 2463 216 à payer solidairement et avec intérêts suivant la loi à la demoiselle

1392 2752 2450 176 Dumont la somme de vingt cinq francs vingt cinq centimes pour prix
