4608 3072
1623 1290 2091 130 grave puisque pour lui faire terminer son apprentissage par de

1638 1377 2089 130 nouveaux patrons il lui sera infailliblement demandé beaucoup

1656 1487 2071 110 plus de temps qu’il lui en reste à faire chez eux. Les époux Germain

1640 1566 2038 128 exposèrent au Conseil que forcés de quitter l’industrie des fleurs

1617 1669 2115 117 par suite du manque de travail ils ne pouvaient garder leur personnel.

1638 1761 2091 120 Qu’en conséquence ils avaient remis la mineure Maitre à sa mère

1617 1863 2128 126 mais que cette rupture de la convention verbale avant le temps fixé

1638 1955 2074 123 ne pouvait que lui être avantageuse puisque l’apprentie était

1640 2048 2112 133 couapable de travaille seule et qu’il lui était offert du travail en façon.

1676 2147 2051 128 Le Bureau Particulier fut d’avis que les époux Germain ne

1648 2240 2122 145 pouvant continuer à employer l’apprentie la convention verbale

1646 2342 2089 133 d’apprentissage pouvait être résiliée moyennant le paiement

1607 2424 2143 161 d’une légère indemnité de trente francs à payer au profit de la

1630 2539 2125 138 demoiselle Maitre. Les époux Germain n’ayant pas accepté cette

1620 2634 2161 184 proposition de conciliation la cause fut renvoyée devant le Bureau
