4608 3072
2163 486 563 164 Audience

2398 634 144 134 Du

1029 716 2729 215 Vendredi vingt neuf Janvier mil huit cent cinquante huit.

1013 865 2955 199 Siégeant : Monsieur Larouette, vice président du Conseil

1008 993 2960 192 de Prud’hommes du Département de la Sein pour l’industrie

913 1134 3055 179 des tissus. Présidant l’audience en remplacement de Monsieur Biétry

990 1277 2965 195 Président du dit Conseil empêche pour cause légitime, Stritter, Trépied,

1026 1418 2906 192 Vinceneux et Dubosc, Prud’hommes assistés de Monsieur Lecucq,

988 1556 1205 125 secrétaire du dit Conseil.

1021 1809 2923 169 Entre Mademoiselle Aline Dumont, fille majeure, ouvrière,

972 1958 3029 141 demeurant à Paris, rue Serpente, numéro trente quatre ; Demanderesse ;

934 2094 3059 158 Comparant ; D’une part ; Et Monsieur et Madame Michel-Poiret,

970 2255 3018 130 le dit sieur Michel tant en sont nom personnel que pour assister

957 2380 3016 151 et autoriser la dame son épouse, la dite dame Lingère, demeurant

962 2544 3013 172 et domiciliée à Vaugirard, rue de l’École, numéro soixante treize
