<?xml version="1.0" encoding="UTF-8"?>
<alto xmlns:xsi="http://www.w3.org/2001/XMLSchema-instance"
      xmlns="http://www.loc.gov/standards/alto/ns-v4#"
      xsi:schemaLocation="http://www.loc.gov/standards/alto/ns-v4# http://www.loc.gov/standards/alto/v4/alto-4-2.xsd">
  <Description>
    <MeasurementUnit>pixel</MeasurementUnit>
    <sourceImageInformation>
      <fileName>PH 1858-48.jpg</fileName>
      
    </sourceImageInformation>
  </Description>
  
  <Tags>
    <OtherTag ID="BT4" LABEL="Illustration" DESCRIPTION="block type Illustration"/><OtherTag ID="BT3" LABEL="Commentary" DESCRIPTION="block type Commentary"/><OtherTag ID="BT2" LABEL="Main" DESCRIPTION="block type Main"/><OtherTag ID="BT1" LABEL="Title" DESCRIPTION="block type Title"/>
    
  </Tags>
  
  <Layout>
    <Page WIDTH="4608"
          HEIGHT="3072"
          PHYSICAL_IMG_NR="49"
          ID="eSc_dummypage_">
      <PrintSpace HPOS="0"
                  VPOS="0"
                  WIDTH="4608"
                  HEIGHT="3072">
        

        
        <TextBlock ID="eSc_dummyblock_">
          
          
          <TextLine ID="r1l1"
                    
                    BASELINE="1001 197 1138 198 1276 198 1414 198 1552 197 1689 197 1827 195 1965 194 2103 192 2240 191 2378 191 2516 189 2654 189 2791 191 2929 191 3067 194 3205 197 3342 201 3480 206 3618 213 3756 221" 
                    HPOS="1000"
                    VPOS="92"
                    WIDTH="2755"
                    HEIGHT="153">
            <Shape><Polygon POINTS="1000 194 1000 220 1541 215 1569 227 1574 227 1576 227 1579 227 1589 227 1646 215 1720 227 1725 227 1728 227 1738 227 1932 212 2012 230 2014 230 2017 230 2019 230 2060 209 2137 209 2383 222 2385 222 2534 212 2560 225 2562 225 2565 225 2754 212 2869 227 2872 227 2874 227 2926 212 3251 215 3366 235 3368 235 3568 220 3750 245 3755 220 3752 153 3630 153 3627 151 3586 133 3584 133 3581 133 3496 148 3481 151 3473 148 3361 102 3358 102 3179 99 3176 99 3174 99 3133 115 3102 99 3100 99 2926 99 2923 99 2920 99 2841 135 2736 97 2734 97 2652 94 2449 94 2447 94 2444 94 2378 128 2291 92 2288 92 2286 92 2173 104 2127 94 2124 94 2122 94 1953 128 1914 135 1699 135 1681 125 1666 117 1664 117 1661 117 1584 122 1507 130 1492 122 1456 102 1454 102 1451 102 1372 120 1331 130 1000 117 1000 194"/></Shape>
	    <String CONTENT=" afin de ne pas se nuire mutuellement. La veuve Ducoudin n’ayant "
                    HPOS="1000"
                    VPOS="92"
                    WIDTH="2755"
                    HEIGHT="153"></String>
          </TextLine>

          
          
          <TextLine ID="r1l2"
                    
                    BASELINE="948 320 1088 320 1228 318 1368 318 1509 317 1649 315 1789 314 1929 311 2070 309 2210 308 2350 308 2490 306 2631 306 2771 306 2911 308 3051 309 3192 312 3332 317 3472 322 3612 329 3753 336" 
                    HPOS="947"
                    VPOS="212"
                    WIDTH="2805"
                    HEIGHT="148">
            <Shape><Polygon POINTS="3750 253 3596 248 3532 222 3530 222 3366 222 3363 222 3361 222 3284 245 3266 253 3141 253 3125 245 3079 222 3077 222 2936 220 2933 220 2931 220 2859 240 2826 250 2759 240 2618 217 2616 217 2526 238 2475 248 2355 235 2250 225 2247 225 2245 225 2219 232 2186 248 2071 248 2030 232 1981 215 1978 215 1902 212 1899 212 1896 212 1848 230 1807 243 1725 240 1697 227 1658 212 1656 212 1579 212 1576 212 1574 212 1543 225 1507 243 1377 243 1344 222 1320 212 1318 212 1315 212 1254 222 1210 230 1167 222 1154 220 1152 220 1149 220 1146 222 1118 235 1093 222 1090 222 1088 222 1085 222 1031 240 949 220 947 320 947 345 1216 332 1361 345 1364 345 1433 330 1456 345 1459 345 1461 345 1464 345 1466 345 1515 332 1594 350 1602 350 1605 350 1612 350 1733 330 1786 350 1789 350 1792 350 1794 350 1835 330 1902 330 1973 348 1976 348 1978 348 1981 348 2050 325 2229 340 2232 340 2234 340 2270 325 2337 337 2339 337 2524 327 2565 345 2567 345 2570 345 2572 345 2611 327 2777 327 2933 330 3002 358 3005 358 3008 358 3010 358 3013 358 3015 358 3072 340 3271 358 3274 358 3276 358 3330 332 3412 332 3514 355 3747 360 3752 335 3750 253"/></Shape>
	    <String CONTENT="pas comparu la cause fut renvoyé devant le Bureau Général du dit Conseil "
                    HPOS="947"
                    VPOS="212"
                    WIDTH="2805"
                    HEIGHT="148"></String>
          </TextLine>

          
          
          <TextLine ID="r1l3"
                    
                    BASELINE="975 438 1111 438 1247 437 1383 435 1519 434 1656 433 1792 431 1928 430 2064 429 2200 428 2337 426 2473 426 2609 425 2745 426 2881 426 3017 428 3154 429 3290 432 3426 436 3562 441 3699 447" 
                    HPOS="972"
                    VPOS="337"
                    WIDTH="2724"
                    HEIGHT="128">
            <Shape><Polygon POINTS="972 437 972 460 1879 448 1932 463 1935 463 1937 463 1940 463 2019 448 2073 463 2076 463 2078 463 2081 463 2219 448 2301 463 2304 463 2306 463 2342 448 2583 448 2631 463 2634 463 2636 463 3079 450 3151 465 3156 465 3159 465 3171 465 3412 450 3691 465 3696 445 3696 378 3566 343 3563 343 3445 343 3443 343 3440 343 3397 366 3274 363 3271 363 3269 363 3240 376 3238 376 3200 376 3100 373 3013 343 3010 343 3008 343 2700 373 2695 373 2634 340 2631 340 2547 340 2544 340 2542 340 2470 373 2467 373 2465 373 2426 360 2424 360 2421 360 2255 373 2224 373 2219 373 2140 343 2137 343 2135 343 2132 343 2040 371 2032 373 2024 371 1976 353 1973 353 1971 353 1891 368 1827 337 1825 337 1725 337 1722 337 1720 337 1648 371 1646 373 1425 373 1420 368 1351 337 1349 337 1346 337 1180 350 1067 337 1064 337 1062 337 972 366 972 437"/></Shape>
	    <String CONTENT="séant le vendredi vingt deux janvier mil huit cent cinquante huit"
                    HPOS="972"
                    VPOS="337"
                    WIDTH="2724"
                    HEIGHT="128"></String>
          </TextLine>

          
          
          <TextLine ID="r1l4"
                    
                    BASELINE="984 558 1124 560 1264 561 1405 560 1545 560 1686 558 1826 557 1966 555 2107 554 2247 552 2388 551 2528 551 2668 551 2809 551 2949 552 3090 555 3230 558 3370 563 3511 569 3651 577 3792 587" 
                    HPOS="980"
                    VPOS="448"
                    WIDTH="2811"
                    HEIGHT="161">
            <Shape><Polygon POINTS="983 555 980 578 1656 586 1658 586 1661 586 1912 570 2022 591 2030 591 2032 591 2035 591 2037 591 2094 570 2240 588 2242 588 2245 588 2301 568 2370 586 2373 586 2375 586 2378 586 2411 570 2626 570 2903 586 2905 586 3089 576 3248 593 3251 593 3253 593 3289 578 3535 578 3786 609 3791 586 3791 519 3683 499 3681 499 3678 499 3627 517 3624 517 3504 471 3502 471 3499 471 3412 481 3322 460 2944 458 2941 458 2938 458 2900 476 2856 455 2854 455 2790 455 2787 455 2785 455 2677 496 2560 501 2455 486 2396 450 2393 450 2391 450 2321 450 2319 450 2316 450 2176 499 2027 448 2024 448 2022 448 1802 499 1794 499 1679 499 1676 496 1610 473 1607 473 1605 473 1602 473 1559 494 1236 494 1167 494 1164 491 1128 473 1126 473 1123 473 1121 473 1075 491 1072 491 983 491 983 555"/></Shape>
	    <String CONTENT="ajourné au vingt neuf janvier même mois. Cité à comparaitre "
                    HPOS="980"
                    VPOS="448"
                    WIDTH="2811"
                    HEIGHT="161"></String>
          </TextLine>

          
          
          <TextLine ID="r1l5"
                    
                    BASELINE="975 686 1114 686 1253 686 1393 686 1532 686 1671 684 1811 684 1950 683 2089 683 2229 681 2368 681 2507 681 2647 681 2786 682 2925 683 3065 684 3204 687 3343 690 3483 694 3622 698 3762 704" 
                    HPOS="970"
                    VPOS="581"
                    WIDTH="2790"
                    HEIGHT="148">
            <Shape><Polygon POINTS="972 683 970 706 1141 709 1144 709 1146 709 1177 693 1228 706 1231 706 1233 706 1579 701 1689 714 1710 714 1712 714 1740 714 1966 698 2058 716 2068 716 2071 719 2186 719 2186 716 2188 716 2219 701 2347 716 2350 716 2411 704 2718 704 2854 721 2864 721 2867 721 2880 721 3020 709 3064 724 3069 724 3072 724 3074 727 3225 727 3225 724 3233 724 3325 709 3371 721 3374 721 3376 721 3560 711 3596 727 3599 727 3601 729 3758 729 3760 704 3752 611 3717 624 3671 611 3630 599 3627 599 3624 599 3622 599 3599 609 3543 642 3499 642 3471 624 3468 624 3466 624 3463 624 3353 627 3315 609 3287 596 3284 596 3200 596 3197 596 3194 596 3166 609 3151 614 3041 614 3031 606 3002 593 3000 593 2721 591 2718 591 2716 591 2659 606 2598 622 2501 604 2447 596 2444 596 2442 596 2421 604 2365 629 2224 609 2222 609 2219 609 2176 629 2001 629 1953 601 1920 586 1917 586 1838 586 1835 586 1832 586 1802 601 1756 627 1579 609 1576 609 1574 609 1543 624 1210 624 1157 599 1116 581 1113 581 1111 581 972 596 972 683"/></Shape>
	    <String CONTENT="le dit jour par exploit de Fontaine huissier à Paris "
                    HPOS="970"
                    VPOS="581"
                    WIDTH="2790"
                    HEIGHT="148"></String>
          </TextLine>

          
          
          <TextLine ID="r1l6"
                    
                    BASELINE="980 813 1120 813 1260 812 1400 812 1540 810 1680 809 1820 807 1960 806 2100 806 2240 804 2380 804 2520 804 2660 804 2800 804 2940 806 3080 809 3220 811 3360 815 3500 819 3640 825 3780 831" 
                    HPOS="977"
                    VPOS="719"
                    WIDTH="2801"
                    HEIGHT="138">
            <Shape><Polygon POINTS="977 811 977 839 1070 829 1149 842 1157 842 1159 842 1162 842 1164 842 1192 829 1226 842 1228 842 1620 844 1623 844 1625 844 1656 829 1702 842 1704 842 1707 842 1710 842 1743 824 2091 824 2350 826 2393 849 2396 849 2398 849 2401 849 2403 849 2483 826 2744 826 2772 842 2775 842 2777 842 2974 829 3105 844 3107 844 3289 832 3366 855 3368 855 3773 857 3778 829 3778 765 3688 732 3686 732 3683 732 3681 732 3594 762 3522 737 3520 737 3379 727 3376 727 3156 737 3153 737 3084 760 3082 760 3061 760 3013 757 2959 724 2956 724 2954 724 2951 724 2762 739 2728 727 2726 727 2723 727 2721 727 2606 757 2600 757 2598 757 2519 721 2516 721 2398 721 2396 721 2393 721 2350 739 2293 724 2291 724 2288 724 2286 724 2229 755 2158 755 2094 719 2091 719 2088 719 1914 752 1907 755 1781 755 1774 752 1692 727 1689 727 1687 727 1684 727 1640 750 1553 729 1551 729 1548 729 1495 750 1489 750 977 747 977 811"/></Shape>
	    <String CONTENT="en date du vingt deux janvier mil huit cent cinquante huit visé pour "
                    HPOS="977"
                    VPOS="719"
                    WIDTH="2801"
                    HEIGHT="138"></String>
          </TextLine>

          
          
          <TextLine ID="r1l7"
                    
                    BASELINE="957 939 1098 939 1240 939 1381 938 1523 938 1665 936 1806 936 1948 935 2089 935 2231 933 2373 933 2514 933 2656 935 2797 935 2939 936 3081 939 3222 941 3364 945 3505 948 3647 953 3789 959" 
                    HPOS="952"
                    VPOS="834"
                    WIDTH="2836"
                    HEIGHT="146">
            <Shape><Polygon POINTS="954 936 952 960 1610 965 1612 965 1615 965 1664 952 1766 967 1776 967 1779 967 1789 967 1912 949 2017 970 2030 970 2032 970 2048 970 2160 954 2347 970 2375 972 2378 972 2396 972 2503 960 2542 972 2544 972 2547 972 2549 972 2552 972 2585 954 2721 954 2839 972 2841 972 2844 972 2905 957 2959 970 2961 970 2964 970 3074 957 3146 972 3148 972 3151 972 3182 960 3563 960 3783 980 3788 957 3788 893 3407 883 3379 867 3376 867 3374 867 3287 885 3192 849 3189 849 3187 849 3005 885 2823 885 2780 885 2777 883 2728 857 2726 857 2723 857 2621 880 2544 847 2542 847 2539 847 2380 878 2270 842 2268 842 2265 842 2024 855 1999 839 1996 839 1994 839 1991 839 1694 849 1553 837 1551 837 1548 837 1479 872 1384 857 1382 857 1318 872 1310 872 1195 872 1195 870 1118 834 1116 834 1072 834 1070 834 1067 834 954 867 954 936"/></Shape>
	    <String CONTENT="timbre et enregistré à Paris, le vingt trois Janvier mil huit cent cinquante "
                    HPOS="952"
                    VPOS="834"
                    WIDTH="2836"
                    HEIGHT="146"></String>
          </TextLine>

          
          
          <TextLine ID="r1l8"
                    
                    BASELINE="971 1061 1112 1061 1253 1062 1394 1062 1535 1062 1676 1062 1817 1062 1958 1062 2099 1062 2240 1062 2381 1062 2522 1062 2663 1062 2804 1062 2945 1064 3086 1064 3227 1065 3368 1068 3509 1070 3650 1073 3792 1077" 
                    HPOS="970"
                    VPOS="962"
                    WIDTH="2821"
                    HEIGHT="136">
            <Shape><Polygon POINTS="3791 1016 3540 1006 3484 975 3481 975 3479 975 3307 988 3264 972 3261 972 3110 972 3107 972 3105 972 3025 1000 3000 1011 2856 1011 2813 995 2723 970 2721 970 2718 970 2716 970 2664 993 2641 1003 2618 993 2616 993 2613 993 2611 993 2580 1008 2408 1008 2362 988 2314 967 2311 967 2309 967 2181 985 2035 1003 2004 988 2001 988 1999 988 1771 1000 1722 983 1720 983 1717 983 1715 983 1674 1000 1571 1000 1518 972 1505 965 1502 965 1500 965 1497 965 1484 970 1472 977 1446 970 1425 965 1423 965 1420 965 1418 965 1408 970 1374 985 1344 967 1331 962 1328 962 1254 962 1251 962 1249 962 1239 967 1205 983 1172 965 1167 962 1164 962 972 962 970 1059 970 1085 1308 1075 1428 1088 1456 1090 1459 1090 1507 1088 1697 1077 1786 1090 1802 1090 1804 1090 1807 1090 1809 1090 1840 1077 1909 1090 1932 1093 1935 1093 1937 1093 1950 1090 1991 1080 2352 1080 2406 1093 2426 1095 2429 1095 2496 1093 2647 1082 2798 1082 2833 1093 2851 1098 2854 1098 2856 1098 2913 1093 3013 1085 3786 1095 3791 1075 3791 1016"/></Shape>
	    <String CONTENT="huit en délier de soixante cinq centimes, folio quarante neuf, case un "
                    HPOS="970"
                    VPOS="962"
                    WIDTH="2821"
                    HEIGHT="136"></String>
          </TextLine>

          
          
          <TextLine ID="r1l9"
                    
                    BASELINE="956 1196 1095 1196 1235 1194 1375 1194 1515 1193 1655 1193 1795 1191 1934 1191 2074 1191 2214 1191 2354 1193 2494 1193 2634 1193 2774 1194 2913 1196 3053 1197 3193 1199 3333 1200 3473 1203 3613 1205 3753 1208" 
                    HPOS="954"
                    VPOS="1080"
                    WIDTH="2798"
                    HEIGHT="151">
            <Shape><Polygon POINTS="954 1195 954 1213 1635 1210 1694 1218 1733 1223 1735 1223 1766 1218 1815 1210 1986 1221 2058 1223 2060 1223 2063 1223 2068 1221 2091 1210 2250 1210 2887 1226 2974 1226 2977 1226 2979 1226 2982 1226 3031 1213 3048 1226 3051 1226 3054 1226 3056 1226 3082 1226 3351 1216 3384 1228 3386 1228 3389 1228 3392 1231 3750 1231 3752 1205 3747 1116 3617 1123 3614 1123 3581 1141 3520 1141 3473 1116 3458 1108 3456 1108 3453 1108 3450 1108 3435 1116 3386 1144 3192 1144 3146 1121 3143 1121 3141 1121 3138 1121 3056 1141 2987 1118 2885 1085 2882 1085 2705 1085 2703 1085 2700 1085 2657 1103 2570 1085 2567 1085 2565 1085 2531 1103 2485 1085 2483 1085 2255 1082 2252 1082 2250 1082 2163 1126 2147 1131 2124 1126 1968 1082 1966 1082 1963 1082 1960 1082 1866 1126 1853 1134 1768 1136 1743 1128 1628 1082 1625 1082 1489 1080 1487 1080 1484 1080 1374 1131 1364 1136 1052 1136 1047 1131 1024 1118 1021 1118 1018 1118 1016 1118 954 1131 954 1195"/></Shape>
	    <String CONTENT="signé : L. Drevon la veuve Ducoudin ne comparut pas. A "
                    HPOS="954"
                    VPOS="1080"
                    WIDTH="2798"
                    HEIGHT="151"></String>
          </TextLine>

          
          
          <TextLine ID="r1l10"
                    
                    BASELINE="962 1311 1104 1316 1246 1319 1389 1322 1531 1323 1674 1323 1816 1325 1958 1325 2101 1323 2243 1323 2386 1323 2528 1323 2670 1323 2813 1323 2955 1323 3098 1325 3240 1327 3382 1330 3525 1334 3667 1338 3810 1344" 
                    HPOS="957"
                    VPOS="1213"
                    WIDTH="2852"
                    HEIGHT="166">
            <Shape><Polygon POINTS="960 1310 957 1338 1090 1344 1093 1344 1095 1344 1100 1341 1136 1326 1192 1344 1221 1351 1223 1351 1226 1351 1292 1344 1354 1338 1438 1346 1518 1354 1520 1354 1551 1349 1597 1338 1658 1349 1699 1356 1702 1359 1797 1359 1797 1356 1799 1356 1809 1351 1832 1341 2012 1341 2071 1356 2076 1356 2078 1356 2081 1356 2091 1356 2178 1341 2255 1359 2283 1364 2286 1364 2288 1364 2309 1359 2347 1349 2437 1359 2439 1359 2544 1346 2590 1364 2595 1364 2598 1364 2600 1364 2603 1364 2606 1364 2657 1344 2769 1361 2772 1361 2775 1361 2823 1344 3304 1346 3361 1374 3368 1377 3371 1377 3374 1379 3550 1379 3550 1377 3558 1377 3714 1354 3801 1379 3809 1344 3809 1280 3727 1251 3724 1251 3596 1241 3476 1241 3473 1241 3471 1241 3399 1272 3384 1280 3345 1272 3294 1262 3292 1262 3228 1269 3161 1277 3128 1267 3036 1236 3033 1236 2938 1233 2936 1233 2933 1233 2844 1262 2816 1269 2764 1259 2680 1244 2677 1244 2593 1256 2501 1269 2416 1269 2380 1251 2362 1244 2360 1244 2357 1244 2355 1244 2329 1251 2280 1267 2076 1267 2042 1244 2037 1241 2035 1241 2032 1241 2030 1241 2009 1244 1978 1249 1966 1244 1925 1223 1922 1223 1802 1221 1799 1221 1797 1221 1758 1239 1715 1262 1630 1262 1464 1244 1461 1244 1410 1254 1341 1231 1328 1226 1326 1226 1323 1226 1320 1226 1313 1228 1285 1241 1241 1228 1190 1213 1187 1213 1185 1213 960 1221 960 1310"/></Shape>
	    <String CONTENT="l’appel de la cause Parisot se présenta et conclut à ce qu’il plut au "
                    HPOS="957"
                    VPOS="1213"
                    WIDTH="2852"
                    HEIGHT="166"></String>
          </TextLine>

          
          
          <TextLine ID="r1l11"
                    
                    BASELINE="956 1452 1099 1452 1242 1454 1385 1454 1529 1454 1672 1454 1815 1454 1959 1454 2102 1454 2245 1454 2389 1454 2532 1454 2675 1455 2818 1457 2962 1458 3105 1460 3248 1463 3392 1466 3535 1470 3678 1475 3822 1481" 
                    HPOS="954"
                    VPOS="1354"
                    WIDTH="2865"
                    HEIGHT="148">
            <Shape><Polygon POINTS="3819 1420 3742 1420 3740 1418 3650 1377 3648 1377 3560 1374 3558 1374 3555 1374 3450 1402 3397 1374 3394 1374 3082 1372 3079 1372 3077 1372 2990 1408 2982 1410 2969 1408 2903 1390 2900 1390 2897 1390 2895 1390 2867 1400 2800 1369 2798 1369 2795 1369 2792 1369 2708 1402 2700 1405 2690 1402 2649 1395 2647 1395 2613 1402 2588 1408 2572 1402 2490 1364 2488 1364 2485 1364 2483 1364 2406 1400 2403 1400 2401 1400 2347 1382 2344 1382 2342 1382 2275 1392 2216 1361 2214 1361 2211 1361 2209 1361 2140 1382 2053 1361 2050 1361 2048 1361 1968 1392 1948 1400 1802 1397 1792 1390 1748 1372 1745 1372 1743 1372 1643 1387 1587 1397 1566 1387 1512 1359 1510 1359 1507 1359 1505 1359 1472 1374 1438 1354 1436 1354 1433 1354 1431 1354 1428 1354 1354 1384 1326 1395 1000 1395 957 1379 954 1451 954 1477 1408 1461 1492 1477 1495 1477 1909 1466 1958 1484 1960 1484 2050 1487 2071 1487 2073 1487 2078 1487 2521 1474 2752 1495 2772 1495 2775 1495 2782 1495 2867 1477 3089 1477 3128 1497 3130 1497 3133 1497 3138 1497 3220 1479 3384 1492 3386 1492 3456 1482 3502 1500 3504 1500 3507 1500 3509 1500 3714 1487 3814 1502 3819 1479 3819 1420"/></Shape>
	    <String CONTENT="Bureau Général du dit Conseil donne défaut contre la veuve Ducoudin "
                    HPOS="954"
                    VPOS="1354"
                    WIDTH="2865"
                    HEIGHT="148"></String>
          </TextLine>

          
          
          <TextLine ID="r1l12"
                    
                    BASELINE="942 1580 1085 1581 1229 1583 1373 1584 1516 1584 1660 1584 1804 1586 1947 1586 2091 1586 2235 1586 2379 1587 2522 1587 2666 1587 2810 1589 2953 1589 3097 1590 3241 1592 3384 1593 3528 1596 3672 1598 3816 1601" 
                    HPOS="939"
                    VPOS="1495"
                    WIDTH="2875"
                    HEIGHT="130">
            <Shape><Polygon POINTS="939 1579 939 1607 1205 1594 1308 1610 1310 1610 1313 1610 1505 1597 1809 1612 1812 1612 1930 1600 1981 1612 1984 1612 1986 1612 2705 1605 2731 1620 2734 1620 2736 1620 2739 1620 2762 1620 2995 1607 3112 1623 3125 1623 3128 1623 3151 1623 3363 1610 3389 1623 3392 1623 3394 1623 3609 1612 3809 1625 3814 1600 3814 1546 3719 1512 3717 1512 3450 1510 3448 1510 3294 1541 2923 1525 2920 1525 2736 1538 2588 1505 2444 1505 2442 1505 2439 1505 2383 1536 2219 1536 2163 1505 2160 1505 2158 1505 2155 1505 2063 1533 1902 1533 1779 1500 1776 1500 1774 1500 1390 1523 1287 1495 1285 1495 1282 1495 1280 1495 1233 1515 1177 1497 1175 1497 1172 1497 1169 1497 1090 1525 983 1512 980 1512 977 1512 939 1525 939 1579"/></Shape>
	    <String CONTENT="non comparante et personne pour elle quoique dument appelée et "
                    HPOS="939"
                    VPOS="1495"
                    WIDTH="2875"
                    HEIGHT="130"></String>
          </TextLine>

          
          
          <TextLine ID="r1l13"
                    
                    BASELINE="942 1709 1085 1712 1228 1715 1372 1716 1515 1718 1659 1719 1802 1721 1945 1721 2089 1722 2232 1722 2376 1724 2519 1724 2662 1725 2806 1725 2949 1727 3093 1728 3236 1728 3379 1731 3523 1733 3666 1735 3810 1737" 
                    HPOS="936"
                    VPOS="1610"
                    WIDTH="2873"
                    HEIGHT="166">
            <Shape><Polygon POINTS="939 1707 936 1771 1364 1774 1367 1774 1369 1774 1374 1771 1448 1735 1538 1758 1541 1758 1543 1758 1546 1758 1620 1735 2288 1751 2291 1751 2383 1730 2452 1748 2455 1748 2457 1748 2531 1733 2583 1753 2585 1753 2588 1753 2813 1751 2844 1766 2854 1771 2856 1771 2859 1771 2862 1771 2874 1766 2936 1745 3159 1756 3161 1756 3164 1756 3230 1738 3284 1766 3294 1771 3297 1771 3299 1771 3302 1771 3320 1766 3371 1748 3537 1745 3717 1751 3740 1763 3763 1776 3765 1776 3768 1776 3770 1776 3806 1763 3809 1735 3806 1635 3617 1635 3614 1635 3612 1635 3530 1671 3507 1661 3504 1661 3502 1661 3499 1661 3461 1676 3251 1676 3207 1653 3205 1653 3202 1653 3123 1656 3082 1635 3077 1633 3074 1633 3072 1633 3051 1635 2877 1666 2698 1651 2695 1651 2693 1651 2667 1664 2629 1643 2626 1643 2624 1643 2621 1643 2539 1664 2488 1635 2460 1623 2457 1623 2455 1623 2452 1623 2419 1638 2360 1664 2293 1638 2288 1635 2286 1635 2283 1635 2280 1635 2273 1638 2183 1664 1840 1664 1763 1656 1725 1638 1671 1615 1669 1615 1359 1612 1356 1612 1354 1612 1285 1630 1187 1610 1185 1610 1182 1610 1123 1640 1111 1646 1098 1640 1041 1612 1039 1612 1036 1612 1034 1612 939 1638 939 1707"/></Shape>
	    <String CONTENT="pour le profit la condamner à lui payer avec intérêts suivant la loi la "
                    HPOS="936"
                    VPOS="1610"
                    WIDTH="2873"
                    HEIGHT="166"></String>
          </TextLine>

          
          
          <TextLine ID="r1l14"
                    
                    BASELINE="927 1850 1072 1851 1217 1851 1362 1851 1507 1853 1652 1853 1797 1853 1942 1854 2087 1854 2232 1855 2377 1856 2522 1856 2667 1857 2812 1857 2957 1859 3102 1860 3247 1862 3392 1862 3537 1865 3682 1866 3828 1868" 
                    HPOS="926"
                    VPOS="1761"
                    WIDTH="2901"
                    HEIGHT="138">
            <Shape><Polygon POINTS="3824 1771 3484 1807 3353 1768 3351 1768 3348 1768 3115 1768 3112 1768 3110 1768 3020 1807 2956 1802 2892 1766 2890 1766 2887 1766 2885 1766 2869 1766 2718 1789 2649 1781 2647 1781 2644 1781 2593 1804 2536 1781 2534 1781 2531 1781 2439 1802 2329 1802 2260 1766 2255 1763 2252 1763 2250 1763 2234 1766 2053 1797 1948 1763 1935 1761 1932 1761 1930 1761 1927 1761 1920 1763 1848 1799 1699 1779 1697 1779 1605 1797 1379 1781 1377 1781 1374 1781 1346 1797 990 1797 931 1761 926 1848 926 1881 1123 1868 1200 1884 1205 1884 1208 1884 1213 1884 1341 1868 1415 1886 1423 1886 1425 1886 1438 1886 1551 1871 1694 1884 1697 1884 1699 1884 1725 1871 1768 1889 1774 1889 1776 1889 1779 1889 1804 1889 1971 1873 2122 1889 2124 1889 2127 1889 2129 1889 2170 1873 2342 1886 2344 1886 2711 1879 2739 1894 2741 1894 2744 1894 2746 1894 2767 1894 2995 1879 3102 1896 3112 1896 3115 1896 3125 1896 3207 1884 3374 1894 3376 1894 3379 1894 3409 1881 3458 1899 3463 1899 3466 1899 3468 1899 3484 1899 3591 1884 3668 1899 3673 1899 3676 1899 3678 1899 3724 1884 3822 1899 3827 1866 3824 1771"/></Shape>
	    <String CONTENT="somme de vingt quatre francs pour indemnité, à raison de quatre francs "
                    HPOS="926"
                    VPOS="1761"
                    WIDTH="2901"
                    HEIGHT="138"></String>
          </TextLine>

          
          
          <TextLine ID="r1l15"
                    
                    BASELINE="870 1991 1017 1991 1164 1989 1312 1989 1459 1989 1607 1989 1754 1989 1902 1991 2049 1991 2197 1992 2344 1994 2491 1994 2639 1995 2786 1997 2934 1998 3081 2000 3229 2001 3376 2003 3524 2004 3671 2004 3819 2006" 
                    HPOS="867"
                    VPOS="1879"
                    WIDTH="2949"
                    HEIGHT="153">
            <Shape><Polygon POINTS="867 1989 867 2022 983 2022 983 2019 985 2019 1026 2004 1131 2017 1134 2017 1208 2001 1300 2017 1303 2017 1487 2004 1574 2022 1579 2022 1582 2022 1628 2022 2270 2007 2401 2024 2437 2027 2439 2027 2467 2024 2539 2012 2639 2024 2675 2027 2677 2027 2680 2027 2693 2024 2726 2014 2890 2024 2990 2030 2992 2030 3028 2024 3089 2014 3225 2024 3294 2030 3297 2030 3299 2030 3315 2024 3348 2014 3407 2024 3448 2032 3450 2032 3453 2032 3481 2024 3509 2019 3811 2024 3816 2004 3814 1935 3742 1932 3686 1904 3683 1904 3681 1904 3632 1914 3581 1891 3578 1891 3343 1891 3340 1891 3338 1891 3271 1912 3228 1899 3225 1899 3223 1899 3220 1899 3143 1930 2872 1930 2759 1914 2757 1914 2695 1925 2570 1886 2567 1886 2565 1886 2562 1886 2490 1922 2339 1925 2237 1909 2234 1909 2232 1909 2201 1920 2088 1884 2086 1884 2040 1884 2037 1884 2035 1884 1973 1914 1891 1884 1889 1884 1794 1881 1495 1881 1492 1881 1489 1881 1423 1914 1384 1899 1382 1899 1379 1899 1377 1899 1336 1920 1093 1920 1011 1879 1008 1879 1006 1879 1003 1879 867 1917 867 1989"/></Shape>
	    <String CONTENT="par jour de la semaine de congé qu’elle ne lui a pas laissé faire ainsi "
                    HPOS="867"
                    VPOS="1879"
                    WIDTH="2949"
                    HEIGHT="153"></String>
          </TextLine>

          
          
          <TextLine ID="r1l16"
                    
                    BASELINE="921 2121 1066 2121 1212 2121 1357 2121 1503 2123 1649 2123 1794 2123 1940 2124 2086 2126 2231 2126 2377 2127 2523 2129 2668 2130 2814 2131 2960 2132 3105 2133 3251 2135 3397 2136 3542 2136 3688 2138 3834 2139" 
                    HPOS="919"
                    VPOS="1999"
                    WIDTH="2913"
                    HEIGHT="169">
            <Shape><Polygon POINTS="919 2119 919 2152 1047 2137 1233 2152 1236 2152 1239 2152 1290 2137 1369 2155 1374 2155 1377 2155 1384 2155 1525 2140 1556 2155 1559 2155 1753 2158 1756 2158 1774 2158 1920 2142 2124 2158 2165 2160 2168 2160 2224 2158 2490 2145 2562 2160 2583 2163 2585 2163 2662 2160 2915 2147 2979 2160 3002 2165 3005 2168 3184 2168 3184 2165 3187 2165 3194 2163 3217 2152 3271 2163 3294 2165 3297 2165 3299 2165 3310 2163 3351 2150 3827 2163 3832 2137 3832 2045 3691 2012 3688 2012 3686 2012 3622 2045 3591 2060 3489 2060 3461 2042 3397 2009 3394 2009 3328 2009 3325 2009 3322 2009 3228 2042 3215 2048 3202 2042 3115 2009 3112 2009 2995 2007 2992 2007 2990 2007 2915 2042 2895 2055 2688 2055 2662 2042 2583 2012 2580 2012 2577 2012 2575 2012 2485 2042 2462 2053 2385 2053 2370 2042 2296 2004 2293 2004 2291 2004 2181 2030 2122 2001 2119 2001 1873 2001 1871 2001 1868 2001 1789 2040 1712 2012 1710 2012 1707 2012 1602 2017 1561 1999 1559 1999 1556 1999 1374 2004 1372 2004 1277 2042 1272 2045 1067 2045 1062 2042 1029 2024 1026 2024 1024 2024 1021 2024 985 2042 980 2042 919 2042 919 2119"/></Shape>
	    <String CONTENT="que c’est l’usage et la condamner aux dépens. Point de droit - Devait-"
                    HPOS="919"
                    VPOS="1999"
                    WIDTH="2913"
                    HEIGHT="169"></String>
          </TextLine>

          
          
          <TextLine ID="r1l17"
                    
                    BASELINE="909 2250 1055 2253 1202 2256 1349 2259 1496 2261 1643 2264 1790 2264 1936 2265 2083 2267 2230 2267 2377 2267 2524 2268 2671 2268 2818 2270 2964 2271 3111 2271 3258 2274 3405 2276 3552 2279 3699 2282 3846 2286" 
                    HPOS="908"
                    VPOS="2135"
                    WIDTH="2937"
                    HEIGHT="184">
            <Shape><Polygon POINTS="908 2247 908 2286 1292 2275 1474 2291 1477 2291 1479 2291 1525 2275 1635 2293 1638 2293 1873 2280 2493 2304 2496 2304 2498 2304 2544 2288 2595 2306 2598 2306 2600 2306 2821 2309 2823 2309 2836 2309 2997 2293 3036 2309 3038 2309 3041 2309 3043 2309 3072 2296 3189 2296 3253 2314 3256 2314 3258 2314 3261 2314 3264 2314 3266 2314 3325 2298 3420 2311 3422 2311 3622 2301 3653 2319 3655 2319 3658 2319 3660 2319 3671 2319 3758 2304 3840 2319 3845 2283 3845 2219 3750 2196 3747 2196 3745 2196 3683 2214 3668 2216 3648 2211 3535 2186 3532 2186 3530 2186 3458 2206 3435 2214 3412 2206 3340 2178 3338 2178 3335 2178 3333 2178 3287 2201 3266 2211 3087 2196 3072 2196 3069 2196 3056 2196 2805 2206 2757 2206 2718 2186 2664 2158 2662 2158 2562 2155 2560 2155 2557 2155 2501 2181 2485 2186 2462 2178 2383 2152 2380 2152 2222 2152 2219 2152 2216 2152 2178 2170 2124 2196 2004 2165 1963 2155 1960 2155 1958 2155 1884 2158 1881 2158 1871 2160 1799 2191 1722 2170 1720 2170 1717 2170 1715 2170 1666 2191 1571 2152 1543 2142 1541 2142 1400 2142 1397 2142 1395 2142 1384 2147 1361 2158 1333 2147 1331 2147 1328 2147 1326 2147 1239 2188 1126 2188 908 2135 908 2247"/></Shape>
	    <String CONTENT="on donner défaut contre la veuve Ducoudin non comparante ni personne "
                    HPOS="908"
                    VPOS="2135"
                    WIDTH="2937"
                    HEIGHT="184"></String>
          </TextLine>

          
          
          <TextLine ID="r1l18"
                    
                    BASELINE="876 2393 1024 2394 1173 2394 1321 2396 1470 2397 1619 2398 1767 2399 1916 2400 2065 2402 2213 2403 2362 2405 2511 2406 2659 2407 2808 2408 2957 2409 3105 2411 3254 2412 3403 2414 3551 2415 3700 2415 3849 2417" 
                    HPOS="875"
                    VPOS="2286"
                    WIDTH="2972"
                    HEIGHT="161">
            <Shape><Polygon POINTS="3847 2316 3750 2311 3747 2311 3745 2311 3732 2316 3665 2347 3325 2347 3240 2311 3228 2306 3225 2306 3097 2306 3095 2306 3092 2306 3084 2309 3018 2342 2854 2306 2833 2304 2831 2304 2828 2304 2821 2306 2734 2339 2567 2306 2565 2306 2562 2306 2470 2337 2224 2329 2163 2309 2160 2309 2158 2309 2053 2329 1930 2319 1927 2319 1850 2332 1720 2293 1715 2293 1712 2293 1640 2293 1638 2293 1635 2293 1633 2293 1538 2332 1487 2332 1395 2291 1392 2291 1287 2291 1223 2291 1221 2291 1218 2291 1152 2309 1100 2288 1098 2288 1054 2288 977 2288 975 2288 972 2288 936 2306 878 2286 875 2391 875 2421 1103 2411 1159 2424 1162 2424 1164 2424 1351 2414 1461 2426 1479 2429 1482 2429 1523 2429 1743 2419 1896 2432 1912 2432 1914 2432 1925 2432 2065 2419 2106 2434 2112 2434 2114 2434 2117 2434 2145 2434 2347 2421 2373 2437 2375 2437 2378 2437 2380 2437 2401 2437 2521 2424 2565 2437 2567 2437 2570 2437 2583 2437 2864 2426 3105 2442 3123 2442 3125 2442 3133 2442 3253 2429 3376 2444 3386 2444 3389 2444 3399 2444 3504 2432 3842 2447 3847 2416 3847 2316"/></Shape>
	    <String CONTENT="pour elle quoique dument appelée et pour le profit adjuger au demandes et "
                    HPOS="875"
                    VPOS="2286"
                    WIDTH="2972"
                    HEIGHT="161"></String>
          </TextLine>

          
          
          <TextLine ID="r1l19"
                    
                    BASELINE="923 2532 1067 2532 1212 2534 1356 2534 1501 2535 1646 2535 1790 2537 1935 2537 2080 2538 2224 2540 2369 2541 2514 2542 2658 2543 2803 2544 2948 2546 3092 2547 3237 2549 3382 2550 3526 2551 3671 2552 3816 2553" 
                    HPOS="919"
                    VPOS="2421"
                    WIDTH="2895"
                    HEIGHT="146">
            <Shape><Polygon POINTS="921 2531 919 2554 3809 2567 3814 2552 3814 2467 3727 2439 3724 2439 3601 2439 3599 2439 3596 2439 3530 2465 3496 2478 3363 2478 3330 2465 3251 2439 3248 2439 3095 2434 3092 2434 2961 2465 2954 2465 2949 2462 2908 2444 2905 2444 2903 2444 2900 2444 2864 2462 2846 2472 2690 2462 2631 2460 2629 2460 2580 2462 2467 2470 2449 2462 2416 2444 2414 2444 2411 2444 2408 2444 2370 2462 2357 2470 2250 2470 2232 2460 2152 2429 2150 2429 1845 2426 1843 2426 1840 2426 1766 2460 1751 2467 1656 2467 1541 2460 1505 2457 1443 2424 1441 2424 1438 2424 1359 2434 1290 2421 1251 2421 1249 2421 1246 2421 1177 2457 1172 2460 1162 2457 1041 2421 1039 2421 1036 2421 1034 2421 921 2455 921 2531"/></Shape>
	    <String CONTENT="les conclusions par lui précédemment prises ? Que devait-il être "
                    HPOS="919"
                    VPOS="2421"
                    WIDTH="2895"
                    HEIGHT="146"></String>
          </TextLine>

          
          
          <TextLine ID="r1l20"
                    
                    BASELINE="936 2660 1081 2662 1227 2664 1372 2667 1518 2670 1664 2672 1809 2675 1955 2676 2101 2678 2246 2680 2392 2682 2538 2682 2683 2684 2829 2685 2975 2685 3120 2685 3266 2687 3412 2687 3557 2685 3703 2685 3849 2684" 
                    HPOS="931"
                    VPOS="2542"
                    WIDTH="2916"
                    HEIGHT="174">
            <Shape><Polygon POINTS="931 2690 3202 2713 3205 2713 3389 2703 3397 2703 3402 2703 3522 2716 3525 2716 3845 2703 3847 2682 3845 2624 3778 2624 3773 2621 3663 2562 3660 2562 3658 2562 3514 2577 3479 2560 3476 2560 3200 2557 3197 2557 3015 2593 2920 2557 2918 2557 2915 2557 2913 2557 2833 2595 2798 2616 2552 2616 2488 2588 2478 2583 2475 2583 2472 2583 2470 2583 2462 2585 2414 2613 2273 2613 2245 2598 2242 2598 2240 2598 2237 2598 2199 2608 2158 2588 2155 2588 2152 2588 2150 2588 2099 2611 1981 2611 1943 2590 1940 2590 1937 2590 1935 2590 1894 2608 1738 2608 1610 2565 1551 2544 1548 2544 1546 2544 1387 2557 1328 2562 1195 2552 1034 2542 1031 2542 1029 2542 1016 2549 983 2565 936 2547 934 2659 931 2690"/></Shape>
	    <String CONTENT="statué à l’égard des dépens ? Après avoir entendu Parrisot en ses "
                    HPOS="931"
                    VPOS="2542"
                    WIDTH="2916"
                    HEIGHT="174"></String>
          </TextLine>

          
          
          <TextLine ID="r1l21"
                    
                    BASELINE="911 2799 1057 2802 1204 2805 1350 2807 1497 2810 1643 2813 1790 2815 1936 2817 2083 2819 2229 2820 2376 2823 2523 2825 2669 2826 2816 2826 2962 2828 3109 2829 3255 2831 3402 2831 3548 2832 3695 2834 3842 2834" 
                    HPOS="906"
                    VPOS="2705"
                    WIDTH="2934"
                    HEIGHT="164">
            <Shape><Polygon POINTS="908 2798 906 2828 1064 2823 1210 2833 1305 2841 1308 2841 1351 2836 1400 2828 1507 2836 1638 2846 1640 2846 1912 2839 2055 2836 2076 2841 2109 2849 2112 2849 2114 2849 2117 2849 2140 2841 2155 2836 2211 2841 2314 2851 2316 2851 2511 2844 2583 2841 2588 2844 2618 2859 2621 2859 2624 2859 2703 2846 3002 2864 3005 2864 3223 2851 3279 2867 3281 2867 3284 2869 3374 2869 3374 2867 3376 2867 3407 2851 3440 2869 3443 2869 3445 2869 3548 2851 3550 2851 3834 2851 3840 2833 3840 2731 3653 2728 3650 2728 3648 2728 3640 2731 3527 2775 3420 2762 3417 2762 3212 2772 3138 2734 3115 2721 3112 2721 3018 2721 3015 2721 3013 2721 2967 2734 2910 2749 2856 2734 2792 2716 2790 2716 2490 2713 2488 2713 2485 2713 2411 2736 2332 2759 2252 2741 2250 2741 2247 2741 2199 2759 2027 2759 1986 2739 1917 2705 1914 2705 1786 2705 1784 2705 1781 2705 1733 2723 1702 2711 1699 2711 1697 2711 1694 2711 1633 2739 1607 2752 1518 2739 1484 2736 1482 2736 1428 2741 1328 2749 1295 2741 1190 2711 1187 2711 1185 2711 1182 2711 1070 2741 1067 2744 908 2744 908 2798"/></Shape>
	    <String CONTENT="demandes et conclusions et en avoir délibéré conformément à la loi "
                    HPOS="906"
                    VPOS="2705"
                    WIDTH="2934"
                    HEIGHT="164"></String>
          </TextLine>

          
          
          <TextLine ID="r1l22"
                    
                    BASELINE="914 2934 1060 2937 1206 2940 1352 2943 1498 2946 1644 2949 1790 2952 1936 2955 2082 2958 2228 2961 2375 2963 2521 2964 2667 2967 2813 2967 2959 2969 3105 2969 3251 2969 3397 2969 3543 2967 3689 2966 3836 2963" 
                    HPOS="913"
                    VPOS="2831"
                    WIDTH="2921"
                    HEIGHT="174">
            <Shape><Polygon POINTS="913 2933 913 2974 1344 2964 1623 2967 1666 2979 1710 2987 1712 2987 1861 2979 1948 2974 1958 2979 1973 2990 1976 2990 1978 2990 1981 2990 2106 2979 2150 2977 2158 2979 2176 2990 2178 2990 2181 2990 2347 2979 2383 2979 2391 2982 2429 2992 2432 2992 2434 2992 2554 2982 2583 2979 2593 2982 2634 2995 2636 2995 2880 2997 2882 2997 2885 2997 2933 2982 2946 2979 2974 2982 3100 3000 3102 3000 3514 2984 3548 2984 3555 2984 3678 3005 3681 3005 3832 2984 3834 2961 3832 2856 3614 2856 3612 2856 3609 2856 3566 2880 3317 2900 3038 2900 2826 2854 2823 2854 2718 2864 2690 2851 2688 2851 2685 2851 2682 2851 2577 2887 2496 2859 2493 2859 2490 2859 2411 2872 2360 2846 2355 2844 2352 2844 2099 2841 2096 2841 2094 2841 2083 2844 1976 2887 1571 2885 1518 2856 1515 2856 1512 2856 1384 2874 1333 2851 1331 2851 1328 2851 1203 2864 1131 2839 1108 2831 1105 2831 1103 2831 913 2836 913 2933"/></Shape>
	    <String CONTENT="attendu que la demande de Parrisot parait juste et donnée ; que d’ailleurs "
                    HPOS="913"
                    VPOS="2831"
                    WIDTH="2921"
                    HEIGHT="174"></String>
          </TextLine>

          
        </TextBlock>
        
      </PrintSpace>
    </Page>
  </Layout>
</alto>
