<?xml version="1.0" encoding="UTF-8"?>
<alto xmlns:xsi="http://www.w3.org/2001/XMLSchema-instance"
      xmlns="http://www.loc.gov/standards/alto/ns-v4#"
      xsi:schemaLocation="http://www.loc.gov/standards/alto/ns-v4# http://www.loc.gov/standards/alto/v4/alto-4-2.xsd">
  <Description>
    <MeasurementUnit>pixel</MeasurementUnit>
    <sourceImageInformation>
      <fileName>PH 1858-44.jpg</fileName>
      
    </sourceImageInformation>
  </Description>
  
  <Tags>
    <OtherTag ID="BT4" LABEL="Illustration" DESCRIPTION="block type Illustration"/><OtherTag ID="BT3" LABEL="Commentary" DESCRIPTION="block type Commentary"/><OtherTag ID="BT2" LABEL="Main" DESCRIPTION="block type Main"/><OtherTag ID="BT1" LABEL="Title" DESCRIPTION="block type Title"/>
    
  </Tags>
  
  <Layout>
    <Page WIDTH="4608"
          HEIGHT="3072"
          PHYSICAL_IMG_NR="45"
          ID="eSc_dummypage_">
      <PrintSpace HPOS="0"
                  VPOS="0"
                  WIDTH="4608"
                  HEIGHT="3072">
        

        
        <TextBlock ID="eSc_dummyblock_">
          
          
          <TextLine ID="r2l1"
                    
                    BASELINE="1895 287 1947 287 1999 288 2052 290 2104 290 2157 290 2209 291 2261 291 2314 293 2366 293 2419 294 2471 294 2523 294 2576 296 2628 296 2681 296 2733 297 2785 297 2838 298 2890 299 2943 299" 
                    HPOS="1891"
                    VPOS="207"
                    WIDTH="1050"
                    HEIGHT="130">
            <Shape><Polygon POINTS="1894 286 1891 302 2045 304 2048 307 2086 330 2088 330 2091 330 2158 335 2160 335 2163 335 2227 309 2234 304 2311 304 2337 312 2416 337 2419 337 2421 337 2424 337 2478 314 2490 309 2501 314 2526 325 2529 325 2531 325 2534 325 2562 314 2565 314 2585 335 2585 337 2588 337 2590 337 2593 337 2595 337 2659 317 2680 312 2708 320 2739 325 2741 325 2744 325 2757 320 2772 312 2790 320 2816 330 2818 330 2821 330 2823 330 2851 322 2890 309 2903 322 2910 327 2910 330 2913 330 2915 330 2918 330 2920 330 2938 322 2941 296 2941 245 2759 245 2749 238 2718 215 2716 215 2713 215 2654 212 2652 212 2649 212 2624 225 2598 212 2595 212 2593 212 2590 212 2588 212 2560 232 2549 240 2539 232 2524 220 2521 220 2519 220 2516 220 2470 230 2419 240 2360 235 2352 225 2337 212 2337 209 2334 209 2332 209 2329 209 2268 222 2201 238 2178 220 2163 207 2160 207 2158 207 2155 207 2152 207 2127 217 2112 225 2106 217 2096 209 2096 207 2094 207 2091 207 2050 207 2048 207 2045 207 2042 207 2035 215 2014 230 1991 215 1984 207 1981 207 1978 207 1976 207 1894 209 1894 286"/></Shape>
	    <String CONTENT="Du dit jour vingt neuf Janvier"
                    HPOS="1891"
                    VPOS="207"
                    WIDTH="1050"
                    HEIGHT="130"></String>
          </TextLine>

          
          
          <TextLine ID="r2l2"
                    
                    BASELINE="1067 398 1192 398 1317 398 1442 398 1567 398 1692 398 1817 398 1943 398 2068 398 2193 398 2318 398 2443 399 2568 399 2693 401 2819 402 2944 405 3069 407 3194 410 3319 414 3444 419 3570 423" 
                    HPOS="1062"
                    VPOS="291"
                    WIDTH="2506"
                    HEIGHT="164">
            <Shape><Polygon POINTS="1064 396 1062 417 1169 427 1172 427 1218 419 1285 409 1328 422 1361 432 1364 432 1367 432 1425 424 1487 414 1559 424 1576 427 1579 427 1602 427 1728 414 1786 430 1812 435 1815 435 1817 435 1879 430 2065 412 2183 435 2193 435 2196 435 2199 435 2201 435 2242 414 2344 437 2378 442 2595 445 2598 445 2639 440 2808 419 2869 437 2872 437 2874 437 2964 422 3010 440 3013 440 3015 440 3018 440 3069 424 3276 424 3386 453 3397 453 3399 453 3402 453 3404 453 3430 437 3456 453 3458 453 3461 453 3463 455 3566 455 3568 422 3568 358 3212 355 3202 348 3136 309 3133 309 3130 309 3066 307 2997 307 2995 307 2992 307 2990 307 2931 343 2915 353 2821 353 2757 350 2739 337 2698 312 2695 312 2693 312 2690 312 2590 314 2572 302 2570 302 2567 302 2483 302 2480 302 2478 302 2426 330 2416 337 2406 330 2360 302 2357 302 2355 302 2270 299 2268 299 2265 299 2263 299 2219 327 2188 345 2135 345 2099 325 2058 299 2055 299 2053 299 2012 296 2009 296 1812 299 1809 299 1807 299 1781 317 1743 340 1625 340 1579 312 1548 294 1546 294 1543 294 1428 291 1425 291 1423 291 1382 307 1320 335 1180 335 1126 304 1123 304 1064 302 1064 396"/></Shape>
	    <String CONTENT="Entre Monsieur Hermann Denhard, ouvrier demeurant à "
                    HPOS="1062"
                    VPOS="291"
                    WIDTH="2506"
                    HEIGHT="164"></String>
          </TextLine>

          
          
          <TextLine ID="r2l3"
                    
                    BASELINE="1056 509 1176 509 1296 509 1416 507 1536 507 1656 507 1776 507 1897 507 2017 507 2137 507 2257 507 2377 509 2497 510 2617 512 2738 513 2858 515 2978 518 3098 521 3218 525 3338 530 3459 534" 
                    HPOS="1052"
                    VPOS="407"
                    WIDTH="2406"
                    HEIGHT="138">
            <Shape><Polygon POINTS="1054 506 1052 529 3453 545 3458 532 3456 468 3343 465 3343 463 3289 432 3287 432 3284 432 3215 427 3212 427 3210 427 3102 458 3084 463 3077 458 3028 427 3025 427 3023 427 2974 424 2864 424 2862 424 2859 424 2790 450 2767 460 2752 450 2741 442 2739 442 2736 442 2734 442 2731 442 2728 442 2718 450 2703 458 2685 448 2672 442 2670 442 2667 442 2664 442 2652 448 2631 458 2593 448 2585 445 2583 445 2580 445 2567 445 2498 458 2426 442 2332 422 2329 422 2327 422 2286 440 2260 453 2032 453 2007 435 2004 435 2001 435 1999 435 1996 435 1960 445 1940 432 1914 414 1912 414 1909 414 1843 414 1840 414 1838 414 1807 427 1794 435 1784 427 1763 412 1761 412 1758 412 1653 412 1651 412 1648 412 1610 424 1536 448 1472 430 1469 430 1466 430 1464 430 1431 448 1305 448 1216 435 1185 414 1175 407 1172 407 1169 407 1167 407 1054 409 1054 506"/></Shape>
	    <String CONTENT="Paris, rue du Harlai, numéro six au marais ; Demandeur ; "
                    HPOS="1052"
                    VPOS="407"
                    WIDTH="2406"
                    HEIGHT="138"></String>
          </TextLine>

          
          
          <TextLine ID="r2l4"
                    
                    BASELINE="1035 618 1163 621 1292 623 1421 624 1550 624 1679 626 1808 626 1936 626 2065 626 2194 624 2323 624 2452 626 2581 626 2710 627 2838 630 2967 632 3096 637 3225 642 3354 648 3483 656 3612 665" 
                    HPOS="1034"
                    VPOS="509"
                    WIDTH="2575"
                    HEIGHT="179">
            <Shape><Polygon POINTS="1162 509 1136 509 1111 509 1088 509 1034 529 1034 616 1034 642 1820 642 1848 657 1850 657 1853 657 1856 657 1858 657 1863 657 1896 645 2001 660 2032 663 2035 663 2050 660 2135 642 2316 642 2432 642 2493 668 2496 668 2498 668 2501 668 2595 647 2675 668 2677 668 2680 668 2682 668 2749 650 2887 650 3020 678 3038 680 3041 680 3056 678 3176 657 3205 675 3207 675 3210 675 3212 675 3215 675 3256 660 3445 660 3604 688 3609 663 3609 586 3563 586 3563 583 3491 550 3489 550 3486 550 3374 568 3281 540 3279 540 3179 537 3176 537 3174 537 3171 537 3143 555 3056 537 3054 537 3051 537 2936 570 2928 573 2926 570 2880 540 2877 540 2874 540 2872 540 2869 540 2828 552 2757 529 2754 529 2672 529 2670 529 2667 529 2664 529 2608 563 2524 555 2467 524 2465 524 2414 524 2411 524 2408 524 2406 524 2347 560 2339 563 2219 563 2209 558 2106 519 2104 519 2101 519 2099 519 2024 552 2019 555 1866 555 1861 550 1792 519 1789 519 1687 512 1684 512 1510 542 1482 547 1256 540 1254 540 1182 509 1162 509"/></Shape>
	    <String CONTENT="Comparant ; D’une part ; et Monsieur Roguer, Tapissier, demeurant "
                    HPOS="1034"
                    VPOS="509"
                    WIDTH="2575"
                    HEIGHT="179"></String>
          </TextLine>

          
          
          <TextLine ID="r2l5"
                    
                    BASELINE="1035 734 1159 738 1283 741 1408 743 1532 744 1656 746 1781 746 1905 747 2029 747 2154 746 2278 746 2402 746 2527 746 2651 746 2775 747 2900 749 3024 751 3148 753 3273 758 3397 762 3522 768" 
                    HPOS="1031"
                    VPOS="637"
                    WIDTH="2489"
                    HEIGHT="143">
            <Shape><Polygon POINTS="1034 732 1031 757 1927 773 1930 773 2109 768 2444 760 2485 773 2513 780 2516 780 2519 780 2567 773 2634 762 3514 780 3520 768 3517 706 3322 706 3315 701 3243 668 3240 668 3238 668 3235 668 3176 696 3166 704 2992 704 2956 693 2951 691 2949 691 2946 691 2905 691 2736 696 2718 686 2677 660 2675 660 2672 660 2631 657 2629 657 2480 680 2403 693 2378 678 2375 678 2373 678 2370 678 2360 678 2283 691 2260 675 2227 655 2224 655 2222 655 2219 655 2216 655 2214 655 2183 675 2178 678 2017 688 1943 670 1858 647 1856 647 1853 647 1594 655 1541 642 1538 642 1536 642 1533 642 1479 657 1405 680 1267 673 1239 652 1216 637 1213 637 1210 637 1208 637 1034 647 1034 732"/></Shape>
	    <String CONTENT="et domicilié à Paris, rue du point aux Champs, numéro treize ; "
                    HPOS="1031"
                    VPOS="637"
                    WIDTH="2489"
                    HEIGHT="143"></String>
          </TextLine>

          
          
          <TextLine ID="r2l6"
                    
                    BASELINE="1026 863 1154 864 1283 864 1412 864 1540 864 1669 864 1798 863 1926 863 2055 862 2184 861 2313 861 2441 861 2570 861 2699 861 2827 863 2956 864 3085 867 3213 870 3342 873 3471 878 3600 884" 
                    HPOS="1021"
                    VPOS="739"
                    WIDTH="2578"
                    HEIGHT="169">
            <Shape><Polygon POINTS="3276 760 3253 757 3187 783 3130 762 3128 762 3125 762 3123 762 3120 762 3082 785 3023 757 3020 757 2844 755 2841 755 2839 755 2787 780 2772 791 2718 791 2700 780 2670 760 2667 760 2664 760 2662 760 2659 760 2621 778 2611 785 2557 785 2536 778 2457 750 2455 750 2452 750 2347 768 2286 747 2283 747 2280 747 2127 762 2096 752 2094 752 2091 752 2088 752 2055 768 2050 773 2042 768 2001 747 1996 747 1981 747 1937 768 1930 770 1922 768 1896 750 1894 750 1891 750 1889 750 1756 762 1733 765 1722 762 1671 747 1669 747 1666 747 1664 747 1635 762 1602 780 1356 780 1318 757 1305 747 1303 747 1300 747 1297 747 1239 755 1180 762 1152 752 1113 739 1111 739 1108 739 1024 750 1024 862 1021 883 1479 890 1482 890 1497 888 1548 878 1569 888 1569 890 1571 890 1574 890 1576 890 1594 890 1666 880 1681 890 1684 893 1687 893 1689 893 1692 896 1850 896 1850 893 1853 893 1861 890 1917 878 2012 893 2035 896 2037 896 2040 896 2048 893 2088 880 2247 880 2273 896 2275 896 2278 896 2280 896 2296 896 2455 883 2485 898 2488 898 2490 898 2493 898 2496 898 2498 898 2531 883 2636 883 2744 901 2759 901 2762 901 2780 901 2920 885 2951 901 2956 903 2959 903 2961 903 2964 903 2969 901 3008 888 3059 901 3061 901 3064 901 3143 888 3179 903 3182 903 3184 903 3197 903 3371 890 3404 906 3407 906 3409 906 3412 908 3596 908 3599 883 3599 793 3530 768 3527 768 3525 768 3522 768 3520 768 3476 793 3473 796 3345 796 3340 791 3279 760 3276 760"/></Shape>
	    <String CONTENT="Défendeur ; Défaillant ; D’autre part ; Point de fait – "
                    HPOS="1021"
                    VPOS="739"
                    WIDTH="2578"
                    HEIGHT="169"></String>
          </TextLine>

          
          
          <TextLine ID="r2l7"
                    
                    BASELINE="1047 974 1176 977 1306 978 1436 980 1566 980 1695 980 1825 980 1955 980 2085 978 2214 978 2344 978 2474 978 2604 978 2733 980 2863 981 2993 984 3123 987 3252 992 3382 999 3512 1006 3642 1014" 
                    HPOS="1044"
                    VPOS="865"
                    WIDTH="2596"
                    HEIGHT="176">
            <Shape><Polygon POINTS="1198 865 1172 865 1169 865 1044 875 1044 972 1044 998 1574 995 1730 1011 1748 1011 1751 1011 1761 1011 1848 1000 1876 1013 1879 1013 1881 1013 1884 1013 1909 1013 2073 1003 2173 1016 2176 1016 2329 998 2432 1021 2437 1021 2439 1021 2447 1021 2636 1003 2672 1026 2675 1026 2677 1026 2680 1026 2682 1026 2688 1026 2754 1006 2944 1018 2946 1018 2949 1018 2990 1008 3018 1021 3020 1021 3023 1021 3151 1011 3307 1026 3310 1026 3427 1016 3502 1039 3507 1039 3509 1039 3512 1041 3637 1041 3640 1013 3637 939 3545 939 3537 936 3484 906 3481 906 3479 906 3399 911 3320 893 3317 893 3066 924 3002 931 2977 921 2900 893 2897 893 2895 893 2808 903 2775 885 2772 885 2467 885 2465 885 2462 885 2388 908 2352 921 2288 921 2257 906 2188 875 2186 875 2183 875 2181 875 2088 901 2035 916 1728 913 1694 893 1687 885 1684 885 1681 885 1679 885 1676 885 1664 890 1630 908 1451 908 1390 885 1369 878 1367 878 1364 878 1361 878 1338 883 1267 903 1231 880 1205 865 1198 865"/></Shape>
	    <String CONTENT="Par lettre du secrétaire du Conseil de Prud’hommes du Département "
                    HPOS="1044"
                    VPOS="865"
                    WIDTH="2596"
                    HEIGHT="176"></String>
          </TextLine>

          
          
          <TextLine ID="r2l8"
                    
                    BASELINE="1029 1094 1158 1096 1288 1097 1418 1098 1548 1098 1678 1098 1808 1098 1938 1098 2068 1098 2198 1097 2328 1097 2457 1097 2587 1097 2717 1098 2847 1098 2977 1101 3107 1103 3237 1106 3367 1110 3497 1115 3627 1121" 
                    HPOS="1024"
                    VPOS="990"
                    WIDTH="2600"
                    HEIGHT="154">
            <Shape><Polygon POINTS="1024 1111 1886 1128 1889 1128 2032 1126 2319 1116 2352 1128 2360 1131 2362 1131 2365 1131 2416 1128 2603 1121 2626 1131 2626 1134 2629 1134 2631 1134 2634 1134 2659 1134 2813 1121 2851 1134 2854 1134 2856 1134 2941 1123 2961 1136 2964 1139 2967 1139 2969 1139 2972 1139 2992 1136 3102 1123 3307 1141 3325 1141 3328 1141 3343 1141 3530 1128 3619 1144 3624 1118 3622 1047 3499 1047 3494 1041 3445 1013 3443 1013 3440 1013 3361 1011 3358 1011 3243 1036 3223 1041 3207 1036 3138 1011 3136 1011 3133 1011 3036 1034 3025 1034 2972 1031 2790 1021 2787 1021 2757 1026 2713 1036 2516 1036 2480 1021 2434 1003 2432 1003 2429 1003 2324 1006 2321 1006 2288 1016 2260 1026 2219 1016 2199 1011 2196 1011 2193 1011 2191 1011 2183 1013 2147 1031 1958 1013 1955 1013 1953 1013 1889 1029 1848 1008 1827 998 1825 998 1538 993 1536 993 1533 993 1515 1000 1459 1026 1395 1026 1331 995 1320 993 1318 993 1315 993 1313 993 1305 995 1262 1016 1226 998 1223 998 1221 998 1218 998 1167 1024 1098 1024 1029 990 1026 1093 1024 1111"/></Shape>
	    <String CONTENT="de la Seine pour l’industrie du tissus en date des Mardi cinq et "
                    HPOS="1024"
                    VPOS="990"
                    WIDTH="2600"
                    HEIGHT="154"></String>
          </TextLine>

          
          
          <TextLine ID="r2l9"
                    
                    BASELINE="1020 1206 1151 1211 1282 1215 1414 1218 1545 1220 1677 1221 1808 1221 1939 1221 2071 1221 2202 1220 2334 1220 2465 1218 2596 1218 2728 1218 2859 1220 2991 1221 3122 1223 3253 1226 3385 1230 3516 1236 3648 1242" 
                    HPOS="1018"
                    VPOS="1103"
                    WIDTH="2630"
                    HEIGHT="169">
            <Shape><Polygon POINTS="1018 1205 1018 1236 1134 1226 1200 1239 1213 1241 1216 1241 1333 1241 1907 1239 1948 1249 1955 1251 1958 1251 1960 1251 2017 1251 2449 1239 2539 1254 2542 1254 2690 1241 3082 1244 3118 1259 3120 1259 3123 1259 3274 1249 3642 1272 3648 1241 3642 1139 3555 1162 3514 1139 3512 1136 3509 1136 3507 1136 3379 1134 3376 1134 3374 1134 3358 1139 3292 1162 3240 1139 3223 1131 3220 1131 3079 1128 3077 1128 3074 1128 3043 1139 2964 1167 2897 1139 2895 1139 2892 1139 2890 1139 2887 1139 2795 1164 2585 1157 2552 1139 2519 1123 2516 1123 2513 1123 2434 1126 2432 1126 2406 1139 2360 1162 2316 1139 2280 1121 2278 1121 2275 1121 2173 1139 2119 1149 2073 1139 2045 1134 2042 1134 2040 1134 2022 1139 1989 1154 1832 1154 1802 1139 1789 1134 1786 1134 1784 1134 1781 1134 1761 1139 1735 1146 1710 1139 1651 1123 1648 1123 1646 1123 1643 1123 1592 1139 1561 1152 1408 1152 1280 1149 1267 1141 1190 1103 1187 1103 1144 1103 1141 1103 1139 1103 1018 1139 1018 1205"/></Shape>
	    <String CONTENT="Mercredi six Janvier mil huit cent cinquante huit Denhard fit "
                    HPOS="1018"
                    VPOS="1103"
                    WIDTH="2630"
                    HEIGHT="169"></String>
          </TextLine>

          
          
          <TextLine ID="r2l10"
                    
                    BASELINE="1014 1335 1145 1338 1277 1341 1409 1343 1541 1344 1673 1344 1805 1344 1936 1344 2068 1344 2200 1344 2332 1343 2464 1343 2596 1343 2728 1343 2859 1343 2991 1344 3123 1346 3255 1348 3387 1352 3519 1355 3651 1361" 
                    HPOS="1011"
                    VPOS="1236"
                    WIDTH="2639"
                    HEIGHT="148">
            <Shape><Polygon POINTS="1013 1333 1011 1359 1681 1359 1753 1364 1853 1372 1856 1372 1986 1364 2127 1356 2142 1364 2147 1369 2150 1369 2152 1369 2155 1369 2291 1364 2403 1361 2426 1364 2483 1377 2485 1377 2549 1364 2575 1361 2631 1367 2769 1377 2772 1377 2775 1377 2800 1367 2813 1361 3368 1364 3379 1367 3504 1382 3507 1382 3509 1382 3530 1372 3601 1384 3604 1384 3607 1384 3648 1367 3650 1359 3650 1290 3504 1290 3502 1287 3463 1264 3461 1264 3458 1264 3456 1264 3453 1264 3409 1285 3281 1254 3202 1254 3200 1254 3197 1254 3156 1277 3123 1254 3120 1254 3118 1254 3115 1254 3112 1254 3064 1269 3031 1251 3028 1251 3025 1251 3023 1251 2933 1282 2851 1282 2718 1282 2716 1280 2657 1249 2654 1249 2652 1249 2649 1249 2606 1272 2562 1246 2560 1246 2557 1246 2447 1246 2444 1246 2442 1246 2350 1277 2342 1277 2283 1274 2188 1272 2152 1254 2150 1254 2147 1254 2145 1254 2114 1264 2042 1241 2040 1241 2037 1241 1879 1272 1873 1272 1868 1272 1822 1259 1820 1259 1817 1259 1656 1269 1640 1269 1635 1269 1536 1236 1533 1236 1305 1236 1303 1236 1300 1236 1239 1264 1152 1239 1149 1239 1146 1239 1013 1262 1013 1333"/></Shape>
	    <String CONTENT="citer Roguer à comparaitre par devant le dit Conseil séant en Bureaux "
                    HPOS="1011"
                    VPOS="1236"
                    WIDTH="2639"
                    HEIGHT="148"></String>
          </TextLine>

          
          
          <TextLine ID="r2l11"
                    
                    BASELINE="1020 1461 1151 1463 1282 1465 1413 1466 1545 1467 1676 1467 1807 1467 1938 1467 2070 1467 2201 1466 2332 1466 2463 1466 2595 1464 2726 1464 2857 1464 2988 1466 3120 1466 3251 1467 3382 1469 3513 1471 3645 1473" 
                    HPOS="1018"
                    VPOS="1356"
                    WIDTH="2624"
                    HEIGHT="144">
            <Shape><Polygon POINTS="1018 1459 1018 1489 1948 1482 2268 1495 2273 1495 2275 1495 2278 1495 2588 1482 2718 1495 2721 1495 3082 1484 3159 1500 3166 1500 3169 1500 3171 1500 3174 1500 3194 1487 3243 1500 3246 1500 3248 1500 3251 1500 3258 1500 3325 1487 3637 1500 3642 1472 3637 1367 3532 1387 3491 1367 3489 1367 3486 1367 3299 1382 3258 1367 3256 1367 3253 1367 3251 1367 3166 1405 3120 1405 3043 1402 2972 1364 2969 1364 2967 1364 2964 1364 2961 1364 2959 1364 2920 1382 2890 1364 2887 1364 2885 1364 2798 1364 2795 1364 2792 1364 2790 1364 2726 1402 2595 1402 2355 1400 2283 1364 2275 1361 2273 1361 2270 1361 2199 1364 2173 1367 2170 1367 2168 1367 2114 1397 1994 1397 1966 1379 1963 1379 1960 1379 1958 1379 1856 1395 1781 1364 1768 1359 1766 1359 1687 1359 1684 1359 1681 1359 1671 1364 1628 1382 1548 1364 1525 1359 1523 1359 1520 1359 1507 1364 1477 1377 1443 1364 1425 1356 1423 1356 1349 1356 1346 1356 1344 1356 1341 1356 1331 1364 1280 1395 1213 1395 1154 1364 1141 1356 1139 1356 1136 1356 1018 1361 1018 1459"/></Shape>
	    <String CONTENT="Particuliers les Mercredi six, Samedi seize et lundi dix huit Janvier "
                    HPOS="1018"
                    VPOS="1356"
                    WIDTH="2624"
                    HEIGHT="144"></String>
          </TextLine>

          
          
          <TextLine ID="r2l12"
                    
                    BASELINE="1017 1586 1149 1586 1281 1586 1413 1586 1545 1586 1677 1586 1809 1587 1942 1587 2074 1587 2206 1587 2338 1587 2470 1589 2602 1589 2734 1589 2867 1589 2999 1590 3131 1590 3263 1590 3395 1590 3527 1590 3660 1592" 
                    HPOS="1013"
                    VPOS="1489"
                    WIDTH="2645"
                    HEIGHT="126">
            <Shape><Polygon POINTS="1016 1584 1013 1612 3653 1615 3658 1589 3658 1533 3512 1530 3450 1502 3448 1502 3445 1502 3443 1502 3358 1528 3264 1492 3261 1492 3002 1492 3000 1492 2997 1492 2938 1510 2800 1492 2798 1492 2795 1492 2723 1523 2711 1528 2700 1523 2657 1500 2654 1500 2652 1500 2531 1520 2485 1530 2344 1530 2324 1518 2278 1497 2275 1497 2273 1497 2270 1497 2227 1518 2219 1520 2204 1518 2063 1489 1909 1489 1907 1489 1904 1489 1856 1515 1832 1528 1681 1528 1651 1512 1612 1495 1610 1495 1607 1495 1605 1495 1602 1495 1574 1512 1551 1525 1461 1512 1459 1512 1354 1525 1315 1510 1274 1492 1272 1492 1269 1492 1267 1492 1208 1507 1141 1525 1016 1507 1016 1584"/></Shape>
	    <String CONTENT="mil huit cent cinquante huit pour se concilier si faire se pouvait sur "
                    HPOS="1013"
                    VPOS="1489"
                    WIDTH="2645"
                    HEIGHT="126"></String>
          </TextLine>

          
          
          <TextLine ID="r2l13"
                    
                    BASELINE="996 1710 1129 1712 1262 1713 1395 1713 1528 1713 1661 1715 1794 1715 1927 1715 2060 1715 2193 1715 2326 1715 2459 1715 2592 1715 2725 1715 2858 1715 2991 1715 3124 1715 3257 1715 3390 1715 3523 1715 3657 1715" 
                    HPOS="993"
                    VPOS="1605"
                    WIDTH="2662"
                    HEIGHT="135">
            <Shape><Polygon POINTS="995 1707 993 1735 3650 1740 3655 1712 3655 1653 3381 1607 3238 1607 3235 1607 3233 1607 3125 1651 3038 1651 2972 1620 2969 1620 2967 1620 2844 1643 2798 1625 2795 1625 2792 1625 2649 1638 2593 1623 2590 1623 2588 1623 2352 1648 2280 1605 2278 1605 2275 1605 2152 1605 2150 1605 2147 1605 2145 1605 2076 1646 1999 1617 1996 1617 1648 1605 1646 1605 1643 1605 1538 1648 1244 1648 1175 1612 1172 1612 1098 1607 1095 1607 1093 1607 995 1646 995 1707"/></Shape>
	    <String CONTENT="la demande qu’il entendait former contre lui devant le dit Conseil "
                    HPOS="993"
                    VPOS="1605"
                    WIDTH="2662"
                    HEIGHT="135"></String>
          </TextLine>

          
          
          <TextLine ID="r2l14"
                    
                    BASELINE="998 1838 1131 1838 1264 1836 1398 1836 1531 1836 1665 1836 1798 1836 1931 1836 2065 1838 2198 1838 2332 1838 2465 1838 2598 1838 2732 1838 2865 1838 2999 1838 3132 1838 3265 1838 3399 1838 3532 1836 3666 1836" 
                    HPOS="995"
                    VPOS="1743"
                    WIDTH="2670"
                    HEIGHT="136">
            <Shape><Polygon POINTS="995 1835 995 1879 1128 1879 1128 1876 1131 1876 1233 1853 1397 1858 1428 1876 1431 1876 1433 1876 1436 1876 1454 1876 1656 1858 1758 1873 1761 1873 1763 1873 1766 1873 1940 1853 2055 1868 2058 1868 2304 1853 2403 1871 2406 1871 2408 1871 2496 1856 2542 1871 2554 1876 2557 1876 2560 1876 2585 1871 2641 1858 2739 1871 2749 1871 2752 1871 2754 1871 2757 1871 2803 1856 2836 1871 2849 1876 2851 1876 2854 1876 2992 1871 3358 1850 3663 1866 3665 1835 3665 1779 3568 1779 3566 1776 3530 1758 3527 1758 3525 1758 3522 1758 3489 1776 3486 1779 3427 1779 3422 1776 3312 1758 3310 1758 3228 1776 3223 1776 3220 1776 3166 1743 3164 1743 3161 1743 3159 1743 2931 1774 2910 1779 2764 1779 2757 1774 2670 1743 2667 1743 2664 1743 2662 1743 2557 1774 2544 1776 2414 1776 2408 1774 2324 1743 2321 1743 2319 1743 2219 1761 2152 1743 2150 1743 2017 1743 2014 1743 2012 1743 2009 1743 1963 1771 1953 1776 1940 1771 1863 1743 1861 1743 1684 1743 1681 1743 1679 1743 1676 1743 1633 1771 1620 1776 1600 1768 1512 1743 1510 1743 1443 1743 1441 1743 1438 1743 1390 1768 1372 1779 1241 1779 1223 1768 1182 1743 1180 1743 1177 1743 1175 1743 1172 1743 1080 1768 1044 1776 995 1768 995 1835"/></Shape>
	    <String CONTENT="en paiement de la comme de quatorze francs qu’il doit pour "
                    HPOS="995"
                    VPOS="1743"
                    WIDTH="2670"
                    HEIGHT="136"></String>
          </TextLine>

          
          
          <TextLine ID="r2l15"
                    
                    BASELINE="1010 1965 1143 1964 1277 1964 1410 1964 1544 1964 1677 1962 1811 1962 1944 1962 2078 1964 2211 1964 2345 1964 2478 1964 2612 1964 2745 1964 2879 1964 3012 1964 3146 1964 3279 1962 3413 1962 3546 1961 3680 1961" 
                    HPOS="1006"
                    VPOS="1861"
                    WIDTH="2672"
                    HEIGHT="135">
            <Shape><Polygon POINTS="1008 1963 1008 1996 1088 1978 1223 1994 1226 1994 1228 1994 1277 1978 1367 1994 1369 1994 1372 1996 1492 1996 1492 1994 1495 1994 1497 1994 1528 1978 1646 1978 1674 1991 1679 1994 1681 1994 1684 1996 1807 1996 1807 1994 1809 1994 1812 1994 1815 1991 1840 1978 2129 1978 2160 1989 2176 1994 2178 1994 2181 1994 2449 1986 2736 1978 2759 1984 2795 1994 2798 1994 2800 1994 3000 1981 3077 1978 3133 1981 3287 1991 3289 1991 3420 1981 3471 1994 3473 1994 3476 1994 3676 1976 3678 1960 3676 1894 3591 1861 3589 1861 3586 1861 3584 1861 3489 1896 3479 1899 3463 1896 3409 1886 3407 1886 3297 1896 3264 1899 3251 1896 3118 1861 3115 1861 2982 1861 2979 1861 2977 1861 2938 1881 2874 1861 2872 1861 2754 1861 2752 1861 2749 1861 2652 1899 2647 1899 2631 1899 2531 1886 2529 1886 2526 1886 2524 1886 2506 1899 2501 1902 2319 1902 2314 1899 2178 1861 2176 1861 2068 1861 2065 1861 2063 1861 2004 1884 1920 1861 1917 1861 1914 1861 1740 1873 1738 1873 1679 1899 1594 1873 1592 1873 1589 1873 1587 1873 1543 1891 1510 1873 1507 1873 1505 1873 1241 1899 1185 1868 1182 1868 1116 1863 1113 1863 1111 1863 1006 1899 1008 1963"/></Shape>
	    <String CONTENT="prix de travaux par lui faits pou son compte, d’après ses ordres "
                    HPOS="1006"
                    VPOS="1861"
                    WIDTH="2672"
                    HEIGHT="135"></String>
          </TextLine>

          
          
          <TextLine ID="r2l16"
                    
                    BASELINE="1023 2090 1154 2090 1286 2090 1417 2090 1549 2090 1680 2090 1812 2090 1943 2090 2075 2090 2206 2090 2338 2090 2469 2090 2601 2090 2732 2088 2864 2088 2995 2088 3127 2088 3258 2088 3390 2088 3521 2088 3653 2088" 
                    HPOS="1021"
                    VPOS="1986"
                    WIDTH="2629"
                    HEIGHT="126">
            <Shape><Polygon POINTS="1021 2112 3648 2112 3650 2086 3642 1986 3527 2035 3335 2035 3258 1994 3256 1991 3253 1991 3251 1991 3248 1991 3243 1994 3210 2009 3184 1994 3171 1986 3169 1986 3166 1986 3048 1986 3046 1986 3043 1986 3018 1996 2941 2032 2854 2007 2851 2007 2849 2007 2846 2007 2844 2007 2798 2035 2736 2035 2672 2004 2670 2004 2667 2004 2664 2004 2542 2035 2411 2035 2375 2014 2373 2014 2370 2014 2368 2014 2321 2035 2183 2035 2145 2012 2094 1986 2091 1986 1899 1986 1896 1986 1894 1986 1891 1986 1838 2019 1832 2022 1771 2027 1753 2019 1669 1986 1666 1986 1492 1986 1489 1986 1487 1986 1428 2007 1310 2004 1308 2004 1305 2004 1303 2004 1264 2027 1233 2012 1231 2012 1228 2012 1226 2012 1223 2012 1198 2027 1172 2014 1169 2014 1167 2014 1164 2014 1162 2014 1136 2032 1131 2035 1021 2035 1021 2088 1021 2112"/></Shape>
	    <String CONTENT="et dans ses ateliers. Roguer n’ayant pas comparu la cause fut "
                    HPOS="1021"
                    VPOS="1986"
                    WIDTH="2629"
                    HEIGHT="126"></String>
          </TextLine>

          
          
          <TextLine ID="r2l17"
                    
                    BASELINE="1013 2214 1146 2216 1280 2217 1413 2219 1547 2219 1680 2220 1814 2220 1947 2220 2081 2220 2214 2220 2348 2220 2481 2220 2615 2219 2748 2219 2882 2217 3015 2217 3149 2217 3282 2216 3416 2216 3549 2214 3683 2214" 
                    HPOS="1008"
                    VPOS="2112"
                    WIDTH="2673"
                    HEIGHT="138">
            <Shape><Polygon POINTS="1011 2211 1008 2240 2752 2250 2754 2250 2757 2250 2792 2234 2798 2234 2808 2234 2874 2247 2877 2247 2880 2247 2923 2234 2931 2234 3317 2234 3320 2234 3381 2250 3384 2250 3386 2250 3389 2250 3392 2250 3417 2234 3420 2234 3678 2234 3681 2211 3681 2150 3607 2112 3604 2112 3443 2112 3440 2112 3438 2112 3345 2150 3325 2158 3246 2158 3233 2150 3184 2127 3182 2127 3179 2127 3176 2127 3138 2142 3107 2132 3105 2132 3102 2132 3100 2132 3064 2150 3048 2160 2936 2160 2913 2150 2805 2112 2803 2112 2800 2112 2798 2112 2764 2124 2283 2112 2280 2112 2278 2112 2252 2124 2227 2117 2224 2117 2222 2117 2219 2117 2216 2117 2160 2150 2145 2160 2104 2160 2088 2150 2032 2124 2030 2124 2027 2124 1820 2145 1768 2124 1766 2124 1763 2124 1761 2124 1681 2152 1661 2160 1459 2160 1446 2152 1425 2142 1423 2142 1420 2142 1377 2152 1346 2160 1121 2160 1095 2152 1052 2140 1049 2140 1047 2140 1044 2140 1011 2150 1011 2211"/></Shape>
	    <String CONTENT="renvoyée devant le Bureau Général du dit Conseil séant le "
                    HPOS="1008"
                    VPOS="2112"
                    WIDTH="2673"
                    HEIGHT="138"></String>
          </TextLine>

          
          
          <TextLine ID="r2l18"
                    
                    BASELINE="995 2340 1129 2340 1264 2342 1398 2342 1533 2343 1668 2343 1802 2343 1937 2345 2071 2345 2206 2345 2341 2345 2475 2345 2610 2345 2744 2345 2879 2345 3014 2345 3148 2343 3283 2343 3417 2342 3552 2342 3687 2340" 
                    HPOS="990"
                    VPOS="2242"
                    WIDTH="2696"
                    HEIGHT="131">
            <Shape><Polygon POINTS="993 2339 990 2360 3681 2373 3686 2339 3683 2247 3504 2242 3502 2242 3499 2242 3489 2247 3412 2286 3074 2286 2977 2252 2974 2252 2972 2252 2885 2260 2854 2247 2851 2245 2849 2245 2846 2245 2844 2245 2839 2247 2746 2275 2685 2247 2677 2242 2675 2242 2519 2242 2516 2242 2513 2242 2506 2247 2488 2255 2462 2247 2449 2242 2447 2242 2444 2242 2442 2242 2426 2247 2347 2270 2296 2250 2293 2250 2291 2250 2288 2250 2257 2263 2222 2247 2214 2242 2211 2242 2083 2242 2081 2242 2055 2247 1863 2286 1612 2286 1546 2247 1541 2242 1538 2242 1536 2242 1533 2242 1530 2242 1520 2247 1443 2286 1233 2286 1159 2247 1152 2242 1149 2242 1146 2242 993 2245 993 2339"/></Shape>
	    <String CONTENT="vingt deux Janvier mil huit cent cinquante huit et ajourné au Vendredi "
                    HPOS="990"
                    VPOS="2242"
                    WIDTH="2696"
                    HEIGHT="131"></String>
          </TextLine>

          
          
          <TextLine ID="r2l19"
                    
                    BASELINE="965 2477 1100 2475 1236 2474 1372 2474 1508 2472 1644 2472 1779 2472 1915 2474 2051 2474 2187 2474 2323 2475 2458 2475 2594 2475 2730 2475 2866 2475 3002 2475 3137 2474 3273 2472 3409 2470 3545 2467 3681 2463" 
                    HPOS="960"
                    VPOS="2360"
                    WIDTH="2718"
                    HEIGHT="148">
            <Shape><Polygon POINTS="962 2475 962 2508 1075 2496 1392 2508 1454 2508 1456 2508 1459 2508 1466 2506 1523 2493 1930 2493 1953 2503 1958 2506 1960 2506 1963 2506 1981 2503 2058 2490 2165 2503 2178 2503 2181 2503 2237 2503 2590 2490 2675 2501 2690 2501 2693 2501 2703 2501 2772 2488 2821 2498 2828 2501 2831 2501 2833 2501 2928 2498 3330 2485 3676 2493 3678 2462 3676 2406 3591 2383 3589 2383 3586 2383 3584 2383 3545 2403 3543 2406 3289 2408 3271 2398 3223 2375 3220 2375 3217 2375 3215 2375 3166 2398 3159 2401 3148 2398 3041 2360 3038 2360 3036 2360 3033 2360 2967 2396 2936 2411 2792 2406 2762 2393 2705 2370 2703 2370 2700 2370 2557 2388 2508 2362 2506 2362 2439 2362 2437 2362 2434 2362 2378 2385 2332 2408 2147 2414 2073 2393 2071 2393 2068 2393 2065 2393 2017 2419 1694 2419 1607 2416 1520 2375 1500 2365 1497 2365 1495 2365 960 2365 962 2475"/></Shape>
	    <String CONTENT="vingt neuf Janvier même mois. Cité à comparaître le dit jour vingt "
                    HPOS="960"
                    VPOS="2360"
                    WIDTH="2718"
                    HEIGHT="148"></String>
          </TextLine>

          
          
          <TextLine ID="r2l20"
                    
                    BASELINE="975 2603 1111 2601 1247 2600 1383 2600 1519 2600 1656 2600 1792 2600 1928 2601 2064 2601 2200 2603 2337 2603 2473 2604 2609 2604 2745 2604 2881 2604 3017 2604 3154 2603 3290 2601 3426 2599 3562 2597 3699 2592" 
                    HPOS="970"
                    VPOS="2485"
                    WIDTH="2726"
                    HEIGHT="179">
            <Shape><Polygon POINTS="972 2600 972 2664 1282 2662 1285 2662 1292 2659 1405 2626 1553 2618 1666 2631 1669 2631 1802 2613 1840 2634 1843 2634 1845 2634 2071 2621 2137 2647 2173 2659 2176 2659 2178 2659 2181 2659 2216 2644 2250 2629 2406 2621 2577 2639 2616 2641 2618 2641 2652 2636 2759 2621 2862 2634 2892 2636 2895 2636 2961 2631 3100 2621 3115 2629 3138 2641 3141 2641 3143 2641 3146 2641 3174 2629 3194 2618 3284 2618 3297 2626 3325 2641 3328 2641 3330 2641 3509 2624 3645 2608 3688 2618 3696 2590 3691 2529 3507 2488 3504 2488 3330 2521 3200 2485 3197 2485 3194 2485 3100 2493 3097 2493 3038 2519 3008 2536 2862 2536 2810 2516 2805 2516 2803 2516 2800 2516 2798 2516 2795 2516 2762 2536 2536 2536 2496 2513 2449 2488 2447 2488 2334 2488 2332 2488 2329 2488 2296 2506 2234 2496 2232 2496 2229 2496 2199 2508 2137 2536 1978 2506 1940 2501 1937 2501 1935 2501 1922 2506 1856 2536 1648 2519 1646 2519 1548 2539 1456 2501 1438 2493 1436 2493 1433 2493 970 2493 972 2600"/></Shape>
	    <String CONTENT="neuf Janvier par exploit de Fontaine, huissier à Paris, en date du "
                    HPOS="970"
                    VPOS="2485"
                    WIDTH="2726"
                    HEIGHT="179"></String>
          </TextLine>

          
          
          <TextLine ID="r2l21"
                    
                    BASELINE="989 2732 1124 2735 1260 2737 1395 2739 1531 2739 1666 2741 1802 2741 1937 2741 2073 2741 2208 2741 2344 2739 2479 2739 2615 2738 2750 2736 2886 2735 3021 2735 3157 2733 3292 2732 3428 2732 3563 2730 3699 2730" 
                    HPOS="988"
                    VPOS="2652"
                    WIDTH="2708"
                    HEIGHT="133">
            <Shape><Polygon POINTS="988 2752 1041 2749 1052 2752 1108 2775 1111 2775 1113 2775 1116 2775 1182 2752 1192 2749 1200 2752 1221 2762 1223 2762 1226 2762 1326 2757 1361 2775 1364 2775 1367 2775 1369 2775 1418 2754 1451 2772 1454 2772 1456 2772 1538 2754 1630 2775 1633 2775 1722 2754 1827 2777 1830 2777 1832 2777 1873 2757 2004 2757 2055 2777 2058 2777 2060 2777 2063 2777 2119 2757 2406 2764 2408 2764 2498 2749 2503 2749 2508 2749 2826 2782 2828 2785 3297 2785 3297 2782 3479 2746 3694 2744 3696 2728 3694 2662 3502 2652 3499 2652 3417 2662 3368 2670 3345 2664 3312 2654 3310 2654 3307 2654 3304 2654 3279 2664 3235 2685 3120 2685 3043 2667 3041 2667 3038 2667 3036 2667 2949 2675 2933 2667 2903 2652 2900 2652 2429 2652 2426 2652 2424 2652 2352 2672 2316 2682 2296 2672 2252 2652 2250 2652 2247 2652 2158 2664 2137 2652 2135 2652 2132 2652 2129 2652 2127 2652 2083 2667 1991 2652 1989 2652 1986 2652 1937 2675 1922 2685 1387 2685 1379 2680 1313 2652 1310 2652 1308 2652 1305 2652 1226 2682 1221 2685 988 2685 988 2731 988 2752"/></Shape>
	    <String CONTENT="vingt cinq janvier mil huit cent cinquante huit, vis » pour timbre "
                    HPOS="988"
                    VPOS="2652"
                    WIDTH="2708"
                    HEIGHT="133"></String>
          </TextLine>

          
          
          <TextLine ID="r2l22"
                    
                    BASELINE="1011 2859 1146 2859 1281 2861 1416 2861 1551 2862 1686 2864 1821 2864 1956 2865 2091 2867 2226 2868 2361 2868 2496 2868 2631 2868 2766 2868 2901 2867 3036 2867 3171 2864 3306 2861 3441 2858 3576 2853 3711 2847" 
                    HPOS="1006"
                    VPOS="2752"
                    WIDTH="2703"
                    HEIGHT="140">
            <Shape><Polygon POINTS="1008 2856 1008 2892 3476 2880 3704 2890 3709 2846 3699 2785 3665 2792 3640 2782 3573 2757 3571 2757 3568 2757 3566 2757 3535 2769 3486 2752 3484 2752 3481 2752 3320 2780 3235 2798 3074 2798 3036 2777 3023 2772 3020 2772 3018 2772 2990 2777 2900 2800 2608 2800 2562 2775 2531 2757 2529 2757 2462 2754 2460 2754 2457 2754 2419 2772 2360 2803 2234 2803 2181 2772 2178 2772 2176 2772 2173 2772 2122 2795 2063 2769 2030 2757 2027 2757 2024 2757 2022 2757 1989 2769 1917 2798 1856 2767 1843 2762 1840 2762 1838 2762 1835 2762 1815 2767 1792 2775 1776 2767 1753 2757 1751 2757 1748 2757 1661 2767 1623 2769 1402 2764 1208 2759 1205 2759 1203 2759 1195 2762 1154 2785 1098 2762 1093 2759 1090 2759 1088 2759 1006 2759 1008 2856"/></Shape>
	    <String CONTENT="et enregistré à Paris, le vingt six Janvier mil huit cent cinquante "
                    HPOS="1006"
                    VPOS="2752"
                    WIDTH="2703"
                    HEIGHT="140"></String>
          </TextLine>

          
          
          <TextLine ID="r2l23"
                    
                    BASELINE="990 2981 1124 2984 1259 2986 1394 2988 1529 2991 1664 2993 1799 2994 1933 2996 2068 2997 2203 2999 2338 2999 2473 2999 2608 2999 2743 2999 2877 2999 3012 2997 3147 2996 3282 2994 3417 2993 3552 2991 3687 2988" 
                    HPOS="985"
                    VPOS="2890"
                    WIDTH="2701"
                    HEIGHT="138">
            <Shape><Polygon POINTS="988 2979 985 3005 1116 3023 1118 3023 1228 3008 1236 3008 1548 3008 1564 3010 1643 3023 1646 3025 1825 3025 1825 3023 1827 3023 1858 3010 1866 3008 1886 3010 1976 3025 1978 3025 2076 3010 2091 3010 2106 3013 2201 3025 2204 3025 2304 3013 2329 3010 2357 3013 2467 3025 2470 3028 2621 3028 2621 3025 2624 3025 2649 3015 2659 3010 2693 3015 2787 3028 2790 3028 2792 3028 2841 3015 2844 3015 2854 3015 2990 3028 2992 3028 3048 3015 3066 3013 3084 3015 3128 3025 3130 3025 3217 3018 3264 3013 3284 3018 3325 3028 3328 3028 3330 3028 3384 3018 3412 3013 3438 3018 3468 3025 3471 3025 3473 3025 3476 3025 3499 3018 3517 3013 3535 3018 3563 3028 3566 3028 3568 3028 3571 3028 3594 3018 3612 3013 3681 3018 3686 2987 3681 2915 3635 2923 3619 2915 3584 2895 3581 2895 3404 2895 3402 2895 3399 2895 3361 2915 3328 2933 3148 2933 3105 2915 3066 2900 3064 2900 3061 2900 3059 2900 3015 2915 2992 2923 2969 2915 2913 2895 2910 2895 2813 2895 2810 2895 2808 2895 2767 2915 2741 2931 2570 2931 2470 2926 2452 2915 2396 2892 2393 2892 2391 2892 2388 2892 2350 2908 2319 2892 2316 2892 2071 2892 2068 2892 1948 2915 1886 2928 1571 2928 1533 2918 1466 2900 1464 2900 1461 2900 1459 2900 1423 2918 1405 2928 1351 2928 1331 2918 1272 2890 1269 2890 1267 2890 1175 2910 1136 2890 1134 2890 1057 2890 1054 2890 1052 2890 988 2915 988 2979"/></Shape>
	    <String CONTENT="huit, en délier de soixante dix centimes, folio cinquante trois, "
                    HPOS="985"
                    VPOS="2890"
                    WIDTH="2701"
                    HEIGHT="138"></String>
          </TextLine>

          
        </TextBlock>
        
      </PrintSpace>
    </Page>
  </Layout>
</alto>
