<?xml version="1.0" encoding="UTF-8"?>
<alto xmlns:xsi="http://www.w3.org/2001/XMLSchema-instance"
      xmlns="http://www.loc.gov/standards/alto/ns-v4#"
      xsi:schemaLocation="http://www.loc.gov/standards/alto/ns-v4# http://www.loc.gov/standards/alto/v4/alto-4-2.xsd">
  <Description>
    <MeasurementUnit>pixel</MeasurementUnit>
    <sourceImageInformation>
      <fileName>PH 1858-96.jpg</fileName>
      
    </sourceImageInformation>
  </Description>
  
  <Tags>
    <OtherTag ID="BT4" LABEL="Illustration" DESCRIPTION="block type Illustration"/><OtherTag ID="BT3" LABEL="Commentary" DESCRIPTION="block type Commentary"/><OtherTag ID="BT2" LABEL="Main" DESCRIPTION="block type Main"/><OtherTag ID="BT1" LABEL="Title" DESCRIPTION="block type Title"/>
    
  </Tags>
  
  <Layout>
    <Page WIDTH="4608"
          HEIGHT="3072"
          PHYSICAL_IMG_NR="96"
          ID="eSc_dummypage_">
      <PrintSpace HPOS="0"
                  VPOS="0"
                  WIDTH="4608"
                  HEIGHT="3072">
        

        
        <TextBlock ID="eSc_dummyblock_">
          
          
          <TextLine ID="r1l1"
                    
                    BASELINE="1116 197 1239 201 1362 205 1485 207 1608 210 1731 212 1854 212 1977 212 2100 213 2223 213 2346 213 2469 215 2592 215 2715 218 2838 219 2961 224 3084 228 3207 234 3330 241 3453 250 3576 261" 
                    HPOS="1111"
                    VPOS="107"
                    WIDTH="2462"
                    HEIGHT="164">
            <Shape><Polygon POINTS="1113 194 1111 215 1408 215 1433 225 1438 227 1441 227 1873 238 1876 238 1894 235 1960 225 2017 238 2040 243 2042 243 2099 240 2291 227 2344 245 2360 250 2362 250 2365 250 2368 250 2380 245 2411 235 2539 235 2780 238 2813 256 2818 258 2821 258 2823 258 2826 258 2833 256 2885 243 2982 258 2997 261 3000 261 3010 261 3079 248 3568 271 3573 258 3573 194 3379 158 3182 156 3179 156 3176 156 3128 181 3051 151 3048 151 3046 151 3043 151 2972 176 2790 176 2782 174 2682 140 2680 140 2590 138 2393 133 2391 133 2332 145 2286 130 2283 130 2280 130 2278 130 2201 158 2196 158 2176 156 1971 130 1968 130 1966 130 1963 130 1930 151 1927 151 1812 151 1807 148 1774 122 1771 122 1768 122 1766 122 1763 122 1725 138 1699 122 1697 122 1694 122 1692 122 1561 140 1556 140 1512 117 1510 117 1507 117 1441 130 1395 107 1392 107 1390 107 1244 133 1233 133 1113 130 1113 194"/></Shape>
	    <String CONTENT="et conclut à ce qu’il plut au Bureau Général du dit Conseil attendu que "
                    HPOS="1111"
                    VPOS="107"
                    WIDTH="2462"
                    HEIGHT="164"></String>
          </TextLine>

          
          
          <TextLine ID="r1l3"
                    
                    BASELINE="1125 308 1248 314 1372 317 1496 320 1620 321 1743 323 1867 324 1991 324 2115 324 2238 324 2362 324 2486 326 2610 326 2733 327 2857 330 2981 333 3105 338 3228 343 3352 350 3476 359 3600 369" 
                    HPOS="1121"
                    VPOS="204"
                    WIDTH="2478"
                    HEIGHT="185">
            <Shape><Polygon POINTS="1123 307 1121 327 1999 350 2001 350 2004 350 2007 350 2045 340 2060 353 2063 353 2065 353 2068 353 2086 353 2260 337 2296 358 2298 358 2301 358 2304 358 2314 358 2465 343 2654 345 2682 368 2685 368 2688 368 2690 368 2698 368 2772 350 2803 366 2805 366 2808 366 2810 366 2813 366 2833 353 2885 366 2887 366 2890 366 3184 360 3228 376 3230 376 3233 376 3389 366 3435 386 3438 386 3440 386 3594 389 3599 368 3596 286 3563 299 3399 299 3371 281 3361 273 3358 273 3356 273 3353 273 3351 273 3330 281 3320 284 3310 281 3240 256 3238 256 3235 256 3072 263 3025 250 3023 250 3020 250 3018 250 3015 250 2995 263 2877 245 2790 245 2787 245 2785 245 2739 268 2723 279 2705 268 2680 253 2677 253 2675 253 2672 253 2670 253 2618 266 2603 271 2595 266 2565 243 2562 243 2560 243 2439 235 2437 235 2368 250 2344 232 2342 232 2339 232 2263 230 2260 230 2173 232 2170 232 2127 258 2112 263 1876 261 1858 253 1781 222 1779 222 1776 222 1774 222 1694 248 1676 253 1658 248 1566 220 1564 220 1561 220 1559 220 1495 245 1489 245 1259 245 1251 240 1200 204 1198 204 1195 204 1192 204 1190 204 1123 235 1123 307"/></Shape>
	    <String CONTENT="la dame Akar lui a conseillé de faire confectionner les cols qu’il "
                    HPOS="1121"
                    VPOS="204"
                    WIDTH="2478"
                    HEIGHT="185"></String>
          </TextLine>

          
          
          <TextLine ID="r1l4"
                    
                    BASELINE="1121 420 1245 423 1370 426 1495 429 1620 430 1745 431 1870 431 1994 432 2119 432 2244 432 2369 432 2494 434 2619 435 2744 437 2868 440 2993 443 3118 448 3243 454 3368 461 3493 470 3618 480" 
                    HPOS="1116"
                    VPOS="322"
                    WIDTH="2501"
                    HEIGHT="182">
            <Shape><Polygon POINTS="1118 419 1116 437 1134 448 1136 448 1139 448 1141 448 1423 442 1441 455 1443 455 1446 455 1664 460 1666 460 1797 453 1840 450 1853 453 1886 465 1889 465 1891 465 1968 458 2055 448 2112 460 2150 471 2152 471 2155 471 2158 471 2176 463 2214 448 2508 450 2531 468 2534 468 2536 468 2539 468 2634 455 2688 455 2734 478 2746 486 2749 486 2752 486 2754 486 2767 481 2795 468 2818 481 2823 486 2826 486 2828 486 2964 491 2967 491 2969 491 2982 486 3031 468 3128 468 3179 486 3182 486 3184 486 3187 486 3223 471 3397 471 3612 504 3617 478 3617 401 3294 368 3292 368 2908 381 2844 360 2841 360 2839 360 2836 360 2833 360 2798 384 2736 363 2734 363 2731 363 2654 381 2647 381 2639 381 2549 353 2547 353 2544 353 2542 353 2470 371 2419 348 2416 348 2275 345 2273 345 2270 345 2229 363 2173 343 2170 343 2168 343 2165 343 2104 368 2099 368 1776 363 1766 358 1640 330 1638 330 1635 330 1584 355 1582 355 1538 337 1536 337 1533 337 1530 337 1500 353 1320 350 1318 348 1295 332 1292 332 1290 332 1287 332 1285 332 1244 348 1241 348 1239 348 1205 322 1203 322 1200 322 1198 322 1195 322 1192 322 1157 345 1154 345 1118 345 1118 419"/></Shape>
	    <String CONTENT="achetait habituellement tout faits lui assurant qu’il en retirerait "
                    HPOS="1116"
                    VPOS="322"
                    WIDTH="2501"
                    HEIGHT="182"></String>
          </TextLine>

          
          
          <TextLine ID="r1l5"
                    
                    BASELINE="1115 531 1239 536 1364 539 1489 542 1614 543 1739 543 1864 545 1988 545 2113 545 2238 545 2363 545 2488 545 2613 546 2738 548 2862 550 2987 554 3112 558 3237 564 3362 571 3487 580 3612 590" 
                    HPOS="1111"
                    VPOS="437"
                    WIDTH="2498"
                    HEIGHT="185">
            <Shape><Polygon POINTS="1113 529 1111 542 1164 560 1167 560 1169 560 1172 560 1198 550 1300 565 1303 565 1305 565 1331 552 1397 573 1400 573 1402 573 1533 565 1766 583 1768 583 1771 583 1838 565 1866 558 1886 565 1896 570 1899 570 1902 570 1958 568 2170 558 2234 576 2247 581 2250 581 2252 581 2270 578 2339 563 2462 581 2465 581 2467 581 2508 565 2595 588 2631 596 2634 596 2636 596 2639 596 2654 588 2695 570 2938 573 2987 599 3010 611 3013 611 3066 614 3069 614 3072 614 3102 604 3164 581 3189 593 3192 593 3194 593 3374 586 3420 611 3432 622 3435 622 3438 622 3440 622 3607 616 3609 588 3607 491 3504 501 3430 488 3402 483 3399 483 3361 486 3251 499 3225 486 3212 478 3210 478 3120 473 3118 473 3115 473 3084 483 3028 501 2979 486 2977 486 2974 486 2856 499 2808 481 2772 465 2769 465 2649 463 2647 463 2644 463 2603 478 2562 491 2475 476 2411 465 2408 465 2406 465 2368 476 2352 478 2344 473 2309 453 2306 453 2304 453 2301 453 2117 463 2022 448 2019 448 2017 448 1932 468 1902 476 1653 473 1584 471 1576 465 1515 437 1512 437 1510 437 1436 453 1359 440 1356 440 1354 440 1313 460 1113 460 1113 529"/></Shape>
	    <String CONTENT="un bénéfice clair ; attendu que dans les première coupes d’étoffes qui "
                    HPOS="1111"
                    VPOS="437"
                    WIDTH="2498"
                    HEIGHT="185"></String>
          </TextLine>

          
          
          <TextLine ID="r1l6"
                    
                    BASELINE="1106 645 1232 650 1358 653 1485 656 1611 656 1737 657 1864 657 1990 657 2116 657 2243 657 2369 657 2495 657 2622 659 2748 660 2874 662 3001 666 3127 669 3253 676 3380 684 3506 692 3633 702" 
                    HPOS="1103"
                    VPOS="545"
                    WIDTH="2529"
                    HEIGHT="179">
            <Shape><Polygon POINTS="1105 642 1103 652 1144 668 1146 668 1771 683 1774 683 1889 673 1935 670 1991 675 2101 691 2104 691 2147 680 2165 678 2199 683 2265 693 2268 693 2270 693 2291 686 2319 673 2426 673 2462 691 2470 693 2472 693 2475 693 2478 693 2483 691 2513 675 2708 691 2711 691 2713 691 2754 680 3392 693 3540 714 3543 714 3545 714 3571 704 3624 724 3632 701 3630 611 3530 637 3322 629 3284 606 3284 604 3281 604 3279 604 3276 604 3266 604 3166 627 3066 624 3008 601 2964 586 2961 586 2959 586 2956 586 2928 601 2890 619 2823 599 2764 581 2762 581 2652 581 2649 581 2647 581 2608 596 2557 614 2442 593 2321 570 2319 570 2316 570 2291 583 2099 565 2096 565 2094 565 2091 565 2058 586 2032 601 1999 588 1996 588 1994 588 1953 596 1935 586 1909 568 1907 568 1904 568 1902 568 1899 568 1845 583 1799 596 1456 586 1443 578 1400 550 1397 550 1395 550 1336 547 1333 547 1280 558 1180 545 1177 545 1175 545 1105 570 1105 642"/></Shape>
	    <String CONTENT="lui furent données la dame Akar a retiré un douzaine de col pour "
                    HPOS="1103"
                    VPOS="545"
                    WIDTH="2529"
                    HEIGHT="179"></String>
          </TextLine>

          
          
          <TextLine ID="r1l7"
                    
                    BASELINE="1104 764 1230 768 1357 771 1483 773 1610 774 1737 774 1863 774 1990 774 2116 773 2243 773 2370 771 2496 771 2623 773 2749 773 2876 776 3003 779 3129 783 3256 789 3382 796 3509 806 3636 816" 
                    HPOS="1100"
                    VPOS="670"
                    WIDTH="2535"
                    HEIGHT="162">
            <Shape><Polygon POINTS="1100 780 1866 798 1868 798 1871 798 1876 798 1927 780 2012 796 2014 796 2406 791 2432 803 2434 803 2437 803 2496 791 2529 806 2531 806 2534 806 2749 796 3008 821 3031 821 3033 821 3041 821 3123 803 3164 816 3166 816 3169 816 3376 808 3443 826 3445 826 3448 826 3450 826 3507 811 3630 832 3635 814 3635 742 3514 714 3512 714 3340 734 3264 742 3215 729 3118 706 3115 706 3112 706 3000 724 2944 734 2920 724 2880 701 2877 701 2874 701 2736 711 2606 696 2603 696 2498 714 2426 724 2350 709 2250 688 2045 688 2042 688 2040 688 2014 701 1984 716 1896 716 1681 696 1679 696 1676 696 1623 709 1262 704 1198 680 1167 670 1164 670 1162 670 1159 670 1141 678 1126 686 1108 678 1103 762 1100 780"/></Shape>
	    <String CONTENT="chacune de ces coupes ; Attendu aussi que dans les dernières elle n’en "
                    HPOS="1100"
                    VPOS="670"
                    WIDTH="2535"
                    HEIGHT="162"></String>
          </TextLine>

          
          
          <TextLine ID="r1l8"
                    
                    BASELINE="1086 882 1213 885 1340 888 1467 890 1594 890 1722 890 1849 888 1976 888 2103 887 2230 885 2358 885 2485 885 2612 885 2739 885 2866 888 2994 891 3121 895 3248 900 3375 908 3502 916 3630 927" 
                    HPOS="1082"
                    VPOS="796"
                    WIDTH="2545"
                    HEIGHT="153">
            <Shape><Polygon POINTS="1085 880 1082 901 1620 911 1623 911 1625 911 1774 898 1802 916 1804 916 1807 916 1935 919 1937 919 1948 919 2017 901 2073 913 2076 913 2078 913 2147 901 2170 916 2173 916 2176 916 2178 916 2634 908 2711 931 2713 931 2716 931 2718 931 2726 931 2920 913 3317 919 3361 942 3363 942 3366 942 3368 942 3432 924 3502 947 3507 947 3509 947 3512 949 3624 949 3627 926 3627 852 3558 824 3555 824 3553 824 3432 847 3376 824 3374 824 3371 824 3200 837 3036 814 3033 814 3031 814 2944 837 2823 811 2821 811 2818 811 2764 824 2721 808 2718 808 2716 808 2634 819 2493 803 2442 803 2439 803 2437 803 2378 834 2368 839 2214 839 2204 832 2158 803 2155 803 2152 803 2150 803 2147 803 2076 832 2071 832 2063 832 1968 811 1966 811 1963 811 1904 829 1896 829 1884 829 1784 814 1781 814 1779 814 1740 826 1735 826 1530 826 1518 821 1441 806 1438 806 1372 821 1361 821 1351 819 1244 798 1241 798 1157 811 1134 796 1131 796 1128 796 1126 796 1123 796 1085 811 1085 880"/></Shape>
	    <String CONTENT="retira plus que onze dans la même quantité, et que partant de là elle "
                    HPOS="1082"
                    VPOS="796"
                    WIDTH="2545"
                    HEIGHT="153"></String>
          </TextLine>

          
          
          <TextLine ID="r1l9"
                    
                    BASELINE="1076 1002 1204 1005 1332 1007 1461 1007 1589 1007 1718 1007 1846 1007 1975 1007 2103 1006 2232 1005 2360 1005 2488 1006 2617 1007 2745 1008 2874 1011 3002 1014 3131 1019 3259 1023 3388 1030 3516 1038 3645 1047" 
                    HPOS="1075"
                    VPOS="896"
                    WIDTH="2567"
                    HEIGHT="176">
            <Shape><Polygon POINTS="1075 1000 1075 1031 1277 1031 1277 1029 1280 1029 1326 1013 1372 1034 1377 1036 1379 1036 1382 1036 1397 1036 1528 1018 1681 1041 1697 1041 1699 1041 1702 1041 1704 1041 1761 1018 2032 1039 2035 1039 2127 1021 2147 1036 2150 1036 2152 1036 2155 1036 2429 1029 2467 1054 2470 1054 2472 1054 2475 1057 2524 1057 2524 1054 2526 1054 2585 1024 2716 1024 2757 1047 2759 1047 2762 1047 2887 1029 3115 1047 3118 1047 3120 1047 3153 1034 3297 1034 3397 1041 3440 1070 3443 1070 3445 1070 3637 1072 3642 1044 3642 972 3256 960 3253 960 3251 960 3235 965 3220 972 3205 965 3125 924 3123 924 3120 924 3005 949 2959 921 2956 921 2954 921 2800 919 2798 919 2795 919 2746 944 2703 916 2700 916 2698 916 2590 913 2483 913 2480 913 2478 913 2403 954 2396 957 2380 954 2252 921 2250 921 2247 921 2024 949 1989 952 1932 947 1891 944 1786 903 1784 903 1781 903 1587 911 1530 896 1528 896 1525 896 1446 903 1443 903 1369 939 1075 936 1075 1000"/></Shape>
	    <String CONTENT="lui a retenu ou détruit une partie de l’étoffe à elle confiée ; Par ces motifs "
                    HPOS="1075"
                    VPOS="896"
                    WIDTH="2567"
                    HEIGHT="176"></String>
          </TextLine>

          
          
          <TextLine ID="r1l10"
                    
                    BASELINE="1065 1113 1194 1118 1323 1121 1452 1122 1581 1124 1710 1124 1839 1125 1969 1125 2098 1125 2227 1125 2356 1127 2485 1127 2614 1127 2743 1128 2873 1131 3002 1133 3131 1136 3260 1141 3389 1146 3518 1153 3648 1160" 
                    HPOS="1062"
                    VPOS="1013"
                    WIDTH="2586"
                    HEIGHT="174">
            <Shape><Polygon POINTS="1064 1111 1062 1136 1574 1136 1725 1152 1751 1154 1753 1154 1756 1154 1761 1154 1817 1139 2490 1154 2493 1154 2496 1154 2521 1144 2680 1169 2698 1172 2700 1175 2821 1175 2821 1172 2823 1172 2874 1152 3048 1167 3051 1167 3054 1167 3102 1154 3225 1154 3261 1172 3264 1172 3266 1172 3445 1162 3517 1185 3525 1187 3527 1187 3530 1187 3532 1187 3540 1185 3596 1169 3640 1187 3648 1159 3645 1082 3527 1100 3494 1080 3494 1077 3491 1077 3489 1077 3486 1077 3476 1077 3392 1098 3345 1077 3297 1054 3294 1054 3292 1054 3215 1067 3161 1052 3159 1052 3156 1052 3153 1052 3102 1072 3069 1088 2995 1088 2956 1070 2897 1047 2895 1047 2892 1047 2828 1059 2798 1044 2795 1044 2570 1039 2567 1039 2565 1039 2501 1059 2437 1039 2434 1039 2432 1039 2429 1039 2370 1059 2352 1067 2337 1059 2286 1034 2283 1034 2163 1031 2081 1031 2078 1031 2076 1031 2022 1054 1986 1070 1530 1064 1495 1047 1492 1044 1489 1044 1487 1044 1456 1044 1239 1057 1205 1041 1152 1013 1149 1013 1146 1013 1144 1013 1064 1036 1064 1111"/></Shape>
	    <String CONTENT="Dire et ordonner que sur l’offre qu’il fait de lui payer la somme à elle "
                    HPOS="1062"
                    VPOS="1013"
                    WIDTH="2586"
                    HEIGHT="174"></String>
          </TextLine>

          
          
          <TextLine ID="r1l11"
                    
                    BASELINE="1089 1239 1223 1242 1358 1244 1493 1245 1627 1245 1762 1245 1897 1245 2031 1245 2166 1245 2301 1245 2435 1245 2570 1245 2705 1247 2839 1248 2974 1250 3109 1253 3243 1257 3378 1262 3513 1268 3648 1275" 
                    HPOS="1085"
                    VPOS="1141"
                    WIDTH="2563"
                    HEIGHT="149">
            <Shape><Polygon POINTS="1088 1236 1085 1256 1628 1269 1630 1269 1676 1264 1751 1256 1776 1267 1792 1272 1794 1272 1797 1272 1981 1269 2403 1259 2432 1274 2439 1280 2442 1280 2444 1280 2447 1280 2498 1274 2598 1264 2664 1277 2708 1285 2711 1285 2713 1285 2734 1277 2769 1264 2897 1280 2908 1280 2910 1280 2913 1280 2915 1280 2964 1267 3171 1282 3238 1287 3240 1287 3243 1287 3258 1285 3304 1272 3376 1285 3392 1287 3394 1287 3397 1287 3402 1285 3430 1274 3461 1287 3471 1290 3473 1290 3476 1290 3645 1287 3648 1274 3640 1198 3599 1210 3573 1195 3532 1175 3530 1175 3527 1175 3525 1175 3471 1195 3468 1195 3463 1195 3409 1187 3407 1187 3374 1195 3317 1208 3289 1192 3235 1164 3233 1164 3031 1162 3028 1162 3025 1162 2954 1180 2877 1159 2874 1159 2872 1159 2869 1159 2757 1190 2739 1192 2705 1187 2677 1185 2675 1185 2672 1185 2662 1187 2629 1198 2593 1187 2526 1167 2524 1167 2521 1167 2519 1167 2480 1177 2444 1152 2442 1152 2439 1152 2437 1152 2352 1164 2296 1152 2293 1152 2291 1152 2288 1152 2216 1185 2201 1192 2117 1192 2096 1182 2009 1149 2007 1149 2004 1149 2001 1149 1932 1182 1922 1187 1784 1187 1774 1180 1715 1141 1712 1141 1710 1141 1635 1141 1633 1141 1630 1141 1512 1177 1500 1180 1451 1177 1387 1172 1344 1149 1341 1149 1338 1149 1336 1149 1269 1175 1267 1175 1088 1175 1088 1236"/></Shape>
	    <String CONTENT="due pour les façons, somme qu’il reconnait lui devoir les époux Akar "
                    HPOS="1085"
                    VPOS="1141"
                    WIDTH="2563"
                    HEIGHT="149"></String>
          </TextLine>

          
          
          <TextLine ID="line_1527419901094_282"
                    
                    BASELINE="1055 1358 1185 1359 1315 1362 1445 1362 1575 1364 1706 1364 1836 1364 1966 1364 2096 1364 2226 1364 2357 1364 2483 1364" 
                    HPOS="1052"
                    VPOS="1264"
                    WIDTH="1428"
                    HEIGHT="128">
            <Shape><Polygon POINTS="1054 1356 1052 1369 1303 1372 1303 1374 1315 1384 1315 1387 1318 1387 1320 1387 1323 1387 1807 1382 2201 1377 2211 1387 2214 1387 2214 1390 2216 1390 2219 1390 2222 1392 2478 1392 2480 1361 2480 1305 2401 1303 2355 1267 2352 1267 2350 1267 2347 1267 2191 1274 2188 1274 2186 1274 2186 1277 2176 1287 2155 1269 2155 1267 2152 1267 2150 1267 1996 1267 1994 1267 1991 1267 1909 1292 1884 1269 1884 1267 1881 1267 1879 1267 1817 1267 1815 1267 1812 1267 1809 1267 1771 1300 1574 1300 1546 1272 1546 1269 1543 1269 1541 1269 1538 1269 1536 1269 1477 1297 1433 1264 1431 1264 1428 1264 1425 1264 1423 1264 1361 1297 1341 1280 1341 1277 1338 1277 1336 1277 1333 1277 1331 1277 1328 1277 1310 1290 1292 1277 1290 1277 1287 1277 1285 1277 1282 1277 1280 1277 1280 1280 1259 1297 1259 1300 1164 1300 1162 1297 1134 1277 1131 1277 1128 1277 1126 1277 1123 1277 1054 1295 1054 1356"/></Shape>
	    <String CONTENT="seront tenus de lui remettre la différence "
                    HPOS="1052"
                    VPOS="1264"
                    WIDTH="1428"
                    HEIGHT="128"></String>
          </TextLine>

          
          
          <TextLine ID="line_1527419898532_279"
                    
                    BASELINE="2501 1357 2536 1359 3528 1382 3659 1389" 
                    HPOS="2496"
                    VPOS="1274"
                    WIDTH="1162"
                    HEIGHT="134">
            <Shape><Polygon POINTS="2498 1356 2496 1390 3653 1408 3658 1387 3658 1326 3504 1303 3502 1303 3499 1303 3458 1320 3453 1320 3445 1320 3386 1308 3384 1308 3381 1308 3379 1308 3379 1310 3371 1318 3302 1280 3299 1280 3240 1277 3033 1274 3031 1274 3028 1274 2964 1292 2915 1277 2913 1277 2910 1277 2908 1277 2813 1303 2777 1290 2775 1290 2772 1290 2682 1300 2664 1285 2664 1282 2662 1282 2659 1282 2657 1282 2654 1282 2603 1300 2600 1300 2595 1300 2557 1282 2554 1282 2552 1282 2549 1282 2498 1295 2498 1356"/></Shape>
	    <String CONTENT="de la matière. L&#x27;étoffe existant "
                    HPOS="2496"
                    VPOS="1274"
                    WIDTH="1162"
                    HEIGHT="134"></String>
          </TextLine>

          
          
          <TextLine ID="r1l13"
                    
                    BASELINE="1064 1481 1194 1481 1324 1482 1454 1483 1584 1484 1714 1484 1844 1485 1974 1485 2104 1487 2234 1487 2364 1488 2494 1490 2624 1491 2754 1493 2884 1494 3014 1497 3144 1500 3274 1503 3404 1506 3534 1510 3665 1515" 
                    HPOS="1059"
                    VPOS="1387"
                    WIDTH="2604"
                    HEIGHT="149">
            <Shape><Polygon POINTS="1062 1479 1059 1495 1328 1510 1331 1510 1497 1502 1582 1500 1615 1505 1679 1515 1681 1515 1725 1507 1758 1500 1797 1507 1832 1515 1835 1515 1838 1515 1856 1507 1873 1502 1920 1510 1976 1518 1978 1518 2081 1512 2163 1507 2191 1512 2216 1520 2219 1520 2222 1520 2250 1515 2296 1505 2839 1507 2880 1525 2897 1530 2900 1530 2903 1533 3054 1533 3054 1530 3056 1530 3066 1528 3100 1515 3136 1528 3148 1533 3151 1533 3153 1533 3156 1533 3164 1528 3192 1515 3223 1528 3225 1528 3228 1528 3417 1518 3658 1536 3663 1512 3663 1456 3463 1428 3461 1428 3361 1451 3356 1451 2961 1448 2959 1446 2867 1408 2864 1408 2703 1408 2700 1408 2544 1431 2439 1425 2408 1405 2406 1405 2403 1405 2401 1405 2293 1415 2257 1402 2255 1402 2252 1402 2250 1402 2188 1418 2160 1400 2158 1400 2155 1400 1999 1397 1996 1397 1994 1397 1930 1425 1771 1431 1745 1431 1710 1431 1559 1423 1500 1392 1497 1392 1495 1392 1492 1392 1454 1408 1420 1390 1418 1390 1221 1387 1218 1387 1216 1387 1123 1423 1118 1423 1062 1423 1062 1479"/></Shape>
	    <String CONTENT="entre l’étoffe rendue et celle qu’ils auraient du rendre, sinon qu’ils seront "
                    HPOS="1059"
                    VPOS="1387"
                    WIDTH="2604"
                    HEIGHT="149"></String>
          </TextLine>

          
          
          <TextLine ID="r1l14"
                    
                    BASELINE="1049 1595 1179 1596 1310 1599 1441 1601 1571 1602 1702 1604 1833 1605 1963 1605 2094 1607 2225 1608 2356 1609 2486 1610 2617 1611 2748 1613 2878 1614 3009 1616 3140 1617 3270 1620 3401 1622 3532 1625 3663 1628" 
                    HPOS="1044"
                    VPOS="1502"
                    WIDTH="2616"
                    HEIGHT="141">
            <Shape><Polygon POINTS="1047 1594 1044 1610 3655 1643 3660 1625 3658 1571 3527 1569 3527 1566 3453 1541 3450 1541 3448 1541 3445 1541 3394 1564 3394 1566 3217 1566 3192 1561 2997 1523 2995 1523 2931 1536 2910 1523 2908 1523 2905 1523 2447 1518 2444 1518 2442 1518 2380 1543 2357 1553 2168 1553 2112 1538 2019 1512 2017 1512 1920 1512 1917 1512 1914 1512 1873 1533 1843 1546 1699 1546 1674 1528 1661 1518 1658 1518 1656 1518 1653 1518 1651 1518 1620 1525 1564 1543 1464 1523 1446 1520 1443 1520 1441 1520 1433 1523 1382 1541 1262 1541 1208 1518 1169 1502 1167 1502 1164 1502 1162 1502 1118 1515 1090 1523 1047 1515 1047 1594"/></Shape>
	    <String CONTENT="tenus de lui payer la valeur vénale, et les condamner en outre aux "
                    HPOS="1044"
                    VPOS="1502"
                    WIDTH="2616"
                    HEIGHT="141"></String>
          </TextLine>

          
          
          <TextLine ID="r1l15"
                    
                    BASELINE="1056 1716 1186 1719 1317 1721 1448 1722 1579 1724 1710 1725 1840 1727 1971 1727 2102 1728 2233 1730 2364 1731 2494 1731 2625 1733 2756 1734 2887 1736 3018 1739 3148 1740 3279 1743 3410 1746 3541 1750 3672 1754" 
                    HPOS="1052"
                    VPOS="1620"
                    WIDTH="2619"
                    HEIGHT="169">
            <Shape><Polygon POINTS="1052 1740 1141 1733 1200 1745 1236 1753 1239 1753 1241 1753 1254 1745 1280 1733 1356 1743 1359 1743 1361 1743 1405 1730 1472 1748 1502 1756 1505 1756 1507 1756 1541 1748 1579 1740 1592 1748 1600 1756 1602 1756 1605 1756 1607 1756 1651 1751 1697 1743 1722 1751 1753 1761 1756 1761 1758 1761 1761 1761 1784 1751 1804 1743 2124 1753 2199 1756 2201 1756 2211 1756 2257 1745 2329 1756 2352 1758 2355 1758 2357 1758 2362 1756 2385 1748 2421 1756 2483 1771 2485 1771 2575 1758 2631 1751 2667 1758 2703 1768 2705 1768 2708 1768 2841 1761 2972 1753 3008 1763 3064 1779 3066 1779 3069 1779 3238 1763 3317 1758 3368 1766 3496 1786 3499 1789 3637 1789 3637 1786 3640 1786 3642 1786 3668 1768 3671 1753 3668 1648 3215 1643 3212 1643 3210 1643 3197 1648 3066 1694 2954 1661 2951 1661 2949 1661 2946 1661 2851 1692 2762 1674 2759 1674 2467 1681 2360 1648 2291 1628 2288 1628 2196 1628 2193 1628 2191 1628 2150 1648 2104 1674 2065 1661 2063 1661 2060 1661 2058 1661 2007 1679 1904 1679 1838 1648 1766 1620 1763 1620 1761 1620 1707 1623 1704 1623 1702 1623 1658 1651 1612 1674 1297 1671 1254 1651 1203 1628 1200 1628 1198 1628 1195 1628 1139 1651 1098 1666 1057 1651 1054 1715 1052 1740"/></Shape>
	    <String CONTENT="dépens. Point de droit – Devait-on condamner Forteau à payer "
                    HPOS="1052"
                    VPOS="1620"
                    WIDTH="2619"
                    HEIGHT="169"></String>
          </TextLine>

          
          
          <TextLine ID="r1l16"
                    
                    BASELINE="1062 1839 1192 1842 1322 1844 1453 1845 1583 1847 1713 1847 1844 1848 1974 1850 2104 1850 2235 1851 2365 1853 2495 1853 2626 1854 2756 1856 2886 1856 3017 1857 3147 1859 3277 1860 3408 1863 3538 1865 3669 1868" 
                    HPOS="1057"
                    VPOS="1753"
                    WIDTH="2611"
                    HEIGHT="138">
            <Shape><Polygon POINTS="1059 1838 1057 1856 2560 1881 2562 1881 3133 1876 3164 1876 3192 1889 3194 1889 3197 1889 3284 1879 3445 1891 3448 1891 3665 1879 3668 1866 3663 1792 3581 1804 3486 1789 3445 1784 3443 1784 3417 1789 3363 1802 3105 1802 3077 1786 3033 1768 3031 1768 2979 1768 2977 1768 2974 1768 2923 1786 2908 1792 2890 1786 2872 1781 2869 1781 2867 1781 2864 1781 2841 1786 2800 1797 2772 1786 2713 1763 2711 1763 2708 1763 2613 1786 2572 1794 2521 1784 2396 1761 2263 1761 2260 1761 2257 1761 2204 1784 2191 1789 2181 1784 2140 1758 2137 1758 2135 1758 2132 1758 2129 1758 2065 1779 2012 1756 2009 1756 1832 1756 1830 1756 1730 1779 1669 1753 1666 1753 1664 1753 1510 1768 1441 1756 1438 1756 1436 1756 1379 1779 1372 1781 1059 1779 1059 1838"/></Shape>
	    <String CONTENT="aux époux Akar la somme de cinquante cinq francs cinq centimes pour "
                    HPOS="1057"
                    VPOS="1753"
                    WIDTH="2611"
                    HEIGHT="138"></String>
          </TextLine>

          
          
          <TextLine ID="r1l17"
                    
                    BASELINE="1035 1965 1166 1967 1297 1968 1428 1970 1559 1971 1690 1973 1821 1974 1952 1976 2083 1977 2214 1979 2345 1980 2476 1982 2607 1983 2738 1985 2869 1985 3000 1986 3131 1986 3262 1987 3393 1988 3524 1988 3656 1986" 
                    HPOS="1031"
                    VPOS="1858"
                    WIDTH="2624"
                    HEIGHT="161">
            <Shape><Polygon POINTS="1034 1963 1031 1978 1085 1981 1126 2007 1128 2007 1131 2007 1134 2007 1136 2007 1208 1981 1210 1981 1213 1981 1274 2001 1277 2001 1280 2001 1369 1984 1372 1984 1374 1984 1548 1999 1551 1999 1553 1999 1584 1984 1589 1984 1664 1984 1666 1986 1692 2004 1694 2004 1697 2004 1699 2004 1702 2004 1704 2004 1725 1991 1835 2004 1838 2004 1914 1991 1948 2009 1950 2009 1953 2009 2027 1996 2265 2007 2268 2007 2270 2007 2301 1994 2337 2009 2339 2009 2342 2009 2624 1996 2670 2019 2672 2019 2675 2019 3653 2001 3655 1984 3655 1896 3630 1884 3627 1884 3624 1884 3622 1884 3594 1896 3586 1899 3578 1894 3560 1884 3558 1884 3555 1884 3553 1884 3550 1884 3527 1894 3512 1902 3494 1894 3489 1891 3486 1891 3484 1891 3466 1894 3399 1904 3366 1891 3317 1873 3315 1873 3240 1873 3238 1873 3235 1873 3194 1889 3161 1902 3125 1889 3105 1881 3102 1881 3100 1881 3097 1881 3077 1889 3000 1914 2926 1886 2890 1871 2887 1871 2757 1871 2754 1871 2752 1871 2723 1881 2644 1917 2455 1917 2373 1876 2352 1868 2350 1868 2347 1868 2344 1868 2319 1876 2211 1914 2004 1914 1876 1909 1802 1871 1799 1871 1797 1871 1794 1871 1710 1909 1472 1909 1400 1896 1346 1861 1341 1858 1338 1858 1336 1858 1034 1858 1034 1963"/></Shape>
	    <String CONTENT="la façon de quatorze douzaines de cols-cravates faits par la dame Akar "
                    HPOS="1031"
                    VPOS="1858"
                    WIDTH="2624"
                    HEIGHT="161"></String>
          </TextLine>

          
          
          <TextLine ID="r1l18"
                    
                    BASELINE="1011 2085 1144 2088 1278 2091 1411 2093 1545 2096 1678 2099 1812 2100 1945 2102 2079 2104 2212 2106 2346 2107 2479 2108 2613 2109 2746 2111 2880 2111 3013 2112 3147 2112 3280 2112 3414 2112 3547 2112 3681 2111" 
                    HPOS="1006"
                    VPOS="1989"
                    WIDTH="2672"
                    HEIGHT="151">
            <Shape><Polygon POINTS="1008 2083 1006 2119 1269 2109 1748 2127 1830 2129 1832 2129 1925 2129 2329 2119 2406 2132 2432 2135 2434 2135 2465 2132 2544 2122 2585 2132 2595 2135 2598 2135 2600 2135 2641 2132 2754 2124 2769 2132 2775 2137 2777 2137 2780 2137 2782 2140 3676 2140 3678 2109 3671 2009 3392 2048 3202 2048 3166 2030 3164 2030 3161 2030 3159 2030 3110 2042 2844 2042 2698 2012 2695 2012 2693 2012 2634 2032 2600 2019 2598 2019 2595 2019 2593 2019 2560 2037 2373 2037 2304 1996 2301 1996 2298 1996 2160 1996 2158 1996 2155 1996 2099 2027 1968 1994 1958 1994 1861 1994 1858 1994 1856 1994 1853 1994 1812 2017 1774 1994 1771 1991 1768 1991 1766 1991 1597 1991 1594 1991 1592 1991 1589 1991 1530 2014 1431 1999 1428 1999 1425 1999 1379 2022 1305 2012 1303 2012 1208 2024 1139 1989 1136 1989 1008 1989 1008 2083"/></Shape>
	    <String CONTENT="pour son compte et d’après ses ordres ? Ou bien devait-on conformément "
                    HPOS="1006"
                    VPOS="1989"
                    WIDTH="2672"
                    HEIGHT="151"></String>
          </TextLine>

          
          
          <TextLine ID="r1l19"
                    
                    BASELINE="1035 2207 1167 2211 1299 2215 1431 2219 1564 2223 1696 2225 1828 2228 1961 2229 2093 2231 2225 2232 2358 2234 2490 2234 2622 2235 2754 2235 2887 2235 3019 2235 3151 2235 3284 2235 3416 2235 3548 2235 3681 2235" 
                    HPOS="1031"
                    VPOS="2119"
                    WIDTH="2647"
                    HEIGHT="151">
            <Shape><Polygon POINTS="1034 2206 1031 2245 1164 2247 1167 2247 1169 2247 1172 2247 1203 2232 1264 2247 1280 2250 1282 2250 1313 2247 1443 2234 1640 2250 1689 2252 1692 2252 1761 2250 1950 2242 2019 2252 2063 2257 2065 2257 2117 2252 2209 2242 2252 2252 2278 2260 2280 2260 2283 2263 2539 2263 2539 2260 2542 2260 2557 2255 2590 2245 2664 2255 2734 2265 2736 2265 2833 2257 2913 2250 3192 2250 3207 2257 3215 2265 3217 2265 3220 2265 3223 2265 3317 2260 3392 2255 3430 2260 3502 2270 3504 2270 3507 2270 3527 2260 3540 2255 3673 2260 3678 2234 3673 2173 3548 2183 3522 2170 3468 2145 3466 2145 3358 2142 3356 2142 3235 2170 3215 2176 2826 2176 2803 2168 2785 2160 2782 2160 2780 2160 2777 2160 2764 2165 2744 2176 2718 2165 2631 2135 2629 2135 2626 2135 2624 2135 2570 2165 2557 2173 2252 2173 2234 2163 2199 2147 2196 2147 2193 2147 2191 2147 2147 2158 2096 2140 2094 2140 2091 2140 2088 2140 2032 2160 1981 2127 1978 2127 1976 2127 1973 2127 1763 2137 1722 2124 1720 2124 1717 2124 1715 2124 1587 2160 1574 2163 1569 2160 1510 2122 1507 2122 1505 2122 1502 2122 1354 2140 1282 2119 1280 2119 1221 2119 1218 2119 1216 2119 1118 2158 1113 2158 1034 2158 1034 2206"/></Shape>
	    <String CONTENT="aux conclusions de Forteau dire que sur le paiement de cette somme qu’il "
                    HPOS="1031"
                    VPOS="2119"
                    WIDTH="2647"
                    HEIGHT="151"></String>
          </TextLine>

          
          
          <TextLine ID="r1l20"
                    
                    BASELINE="1011 2336 1144 2339 1278 2342 1412 2343 1546 2346 1680 2348 1814 2349 1948 2351 2082 2352 2216 2354 2350 2354 2483 2355 2617 2355 2751 2355 2885 2357 3019 2357 3153 2355 3287 2355 3421 2355 3555 2355 3689 2354" 
                    HPOS="1006"
                    VPOS="2240"
                    WIDTH="2682"
                    HEIGHT="153">
            <Shape><Polygon POINTS="1008 2334 1006 2380 1149 2355 1318 2370 1320 2370 1323 2370 1351 2357 1495 2380 1500 2380 1502 2380 1512 2380 1648 2370 1704 2380 1774 2391 1776 2393 1950 2393 1950 2391 1953 2391 2007 2378 2055 2365 2081 2378 2094 2383 2096 2383 2099 2383 2101 2383 2124 2378 2150 2370 2170 2375 2222 2393 2224 2393 2227 2393 2321 2375 2352 2370 2383 2375 2444 2385 2447 2385 2567 2373 2588 2373 2593 2373 2652 2393 2654 2393 2657 2393 2744 2373 2769 2368 2823 2373 2995 2388 2997 2388 3000 2388 3033 2373 3125 2383 3128 2383 3130 2383 3159 2370 3159 2368 3686 2365 3688 2352 3688 2257 3532 2257 3530 2257 3527 2257 3386 2293 3276 2268 3274 2268 3271 2268 3215 2293 3077 2293 3010 2255 3008 2255 3005 2255 2905 2278 2752 2260 2749 2260 2746 2260 2672 2291 2549 2291 2493 2288 2426 2250 2424 2250 2339 2250 2337 2250 2334 2250 2263 2283 2160 2247 2158 2247 2155 2247 2152 2247 2060 2283 2004 2257 2001 2257 1999 2257 1925 2263 1889 2247 1886 2247 1884 2247 1881 2247 1779 2283 1725 2268 1722 2268 1720 2268 1717 2268 1681 2280 1594 2268 1592 2268 1489 2280 1438 2252 1436 2252 1433 2252 1431 2252 1379 2270 1310 2260 1308 2260 1305 2260 1262 2280 1169 2280 1103 2242 1100 2242 1008 2240 1008 2334"/></Shape>
	    <String CONTENT="reconnait leur devoir les époux Akar seront tenus de lui remettre sans "
                    HPOS="1006"
                    VPOS="2240"
                    WIDTH="2682"
                    HEIGHT="153"></String>
          </TextLine>

          
          
          <TextLine ID="r1l21"
                    
                    BASELINE="1034 2465 1166 2466 1299 2469 1431 2471 1564 2474 1696 2475 1829 2477 1961 2480 2094 2481 2226 2483 2359 2484 2491 2486 2624 2486 2756 2487 2889 2487 3021 2487 3154 2486 3286 2486 3419 2483 3551 2481 3684 2478" 
                    HPOS="1031"
                    VPOS="2375"
                    WIDTH="2652"
                    HEIGHT="138">
            <Shape><Polygon POINTS="1031 2462 1031 2493 1546 2488 1628 2496 1745 2506 1748 2506 1809 2496 1825 2493 1830 2496 1853 2506 1856 2506 1858 2506 2024 2496 2037 2496 2040 2496 2083 2508 2086 2508 2088 2511 2393 2511 2393 2508 2519 2496 2554 2493 2567 2496 2618 2511 2621 2511 2624 2511 2979 2501 3153 2513 3156 2513 3681 2496 3683 2475 3678 2388 3568 2391 3566 2391 3476 2424 3366 2388 3358 2385 3356 2385 3353 2385 3351 2385 3345 2388 3258 2424 3112 2411 3110 2411 2780 2421 2728 2403 2726 2403 2723 2403 2621 2421 2506 2388 2478 2380 2475 2380 2347 2380 2344 2380 2342 2380 2327 2388 2270 2419 2117 2391 2114 2391 2112 2391 2042 2414 1794 2416 1712 2391 1674 2378 1671 2378 1669 2378 1538 2391 1448 2398 1395 2391 1300 2375 1057 2375 1054 2375 1052 2375 1049 2375 1031 2385 1031 2462"/></Shape>
	    <String CONTENT="lui tenir compte d’une partie de l’étoffe qui n’aurait pas été employée "
                    HPOS="1031"
                    VPOS="2375"
                    WIDTH="2652"
                    HEIGHT="138"></String>
          </TextLine>

          
          
          <TextLine ID="r1l22"
                    
                    BASELINE="1028 2586 1167 2590 1307 2594 1447 2597 1587 2601 1727 2604 1867 2606 2007 2609 2147 2610 2287 2612 2427 2613 2567 2615 2707 2615 2847 2613 2987 2612 3127 2610 3267 2607 3407 2604 3547 2599 3687 2594" 
                    HPOS="1026"
                    VPOS="2493"
                    WIDTH="2660"
                    HEIGHT="146">
            <Shape><Polygon POINTS="1026 2585 1026 2618 1236 2618 1280 2634 1282 2634 1285 2636 1420 2636 1420 2634 1423 2634 1469 2618 1472 2618 1474 2618 1556 2634 1559 2634 1561 2634 1617 2618 1620 2618 1628 2618 1735 2631 1738 2631 1740 2631 1789 2618 1792 2618 1794 2618 1830 2631 1832 2631 1835 2631 2759 2626 2851 2639 2854 2639 3683 2621 3686 2593 3686 2542 3584 2498 3581 2498 3320 2498 3317 2498 3315 2498 3243 2526 3136 2511 3133 2511 3130 2511 3084 2536 3079 2539 3041 2536 2954 2526 2951 2526 2885 2534 2839 2539 2828 2534 2777 2501 2775 2501 2772 2501 2769 2501 2767 2501 2677 2531 2595 2496 2593 2496 2506 2496 2503 2496 2501 2496 2439 2526 2375 2496 2373 2496 2278 2496 2275 2496 2273 2496 2211 2529 2193 2539 2099 2539 2081 2526 2063 2516 2060 2516 2058 2516 2055 2516 2053 2516 2032 2526 2014 2536 1963 2536 1940 2526 1856 2493 1853 2493 1766 2493 1763 2493 1761 2493 1702 2524 1681 2536 1551 2536 1528 2521 1510 2513 1507 2513 1505 2513 1502 2513 1477 2521 1438 2536 1333 2536 1305 2521 1256 2493 1254 2493 1113 2493 1111 2493 1108 2493 1026 2516 1026 2585"/></Shape>
	    <String CONTENT="à la confection de ces cols ? Que devait-il être statué à l’égard des "
                    HPOS="1026"
                    VPOS="2493"
                    WIDTH="2660"
                    HEIGHT="146"></String>
          </TextLine>

          
        </TextBlock>
        
      </PrintSpace>
    </Page>
  </Layout>
</alto>
