4608 3072
1116 302 2580 166 sept Albarède, ès nom qu’il s’agit, fit la demoiselle

1141 430 2637 158 Desgranges à Comparaître par devant le Conseil de Prud’hommes

1103 552 2644 159 pour l’industrie des tissus, séant en Bureau Particuliers le

1118 675 2660 159 samedi dix neuf et lundi vingt un Décembre mil huit cent

1123 803 2650 146 cinquante sept pour se concilier si faire se pouvait sur la

1141 921 2660 156 demande qu’il entendait former contre elle devant le dit Conseil

1113 1049 2688 149 en paiement de la somme de trente huit francs qu’elle lui doit

1111 1164 2667 164 pour prix de travaux de sa fille. La demoiselle Desgranges

1088 1297 2711 149 n’ayant pas comparu la cause fut renvoyée devant le Bureau

1134 1423 2672 148 Général du dit Conseil séant le Vendredi vingt quatre

1093 1546 2693 156 Décembre mil huit cent cinquante sept et ajourné au

1090 1669 2719 158 vendredi huit janvier mil huit cent cinquante huit. Citée

1088 1792 2734 163 à comparaitre le dit jour huit janvier par exploit de Fontaine,

1075 1920 2739 158 huissier à Paris, en date du trente Décembre mil huit cent

1090 2042 2711 162 cinquante sept. Visé pour timbre et enregistré à Paris, le

1100 2173 2727 177 trente Décembre mil huit cent cinquante sept, en délier de

1075 2319 2739 141 un franc trente centimes, folio vingt deux, case cinq, verso

1103 2439 2721 151 signé : L Drevon, la demoiselle Desgranges ne comparaissant

1111 2544 2729 187 pas. A l’appel de la cause Albarède, ès qualités qu’il agit

1093 2690 2749 159 se présenta et conclut à ce qu’il plut au Bureau Général du

1070 2813 2726 161 dit Conseil donner défaut contre la demoiselle Desgranges
