4608 3072
2268 419 816 149 Dudit jour onze Juin

1587 517 2050 161 entre Monsieur et Madame Margeran, demeurant à

1553 616 2087 149 Vaugirard, rue du Transit numéro quarante six, agissant

1543 727 2056 140 au nom et comme se portant fort pour la mineure Léontine

1553 808 2100 152 Boiron, leur mère, ouvrière fleuriste, deumandeurs ; Comparant

1523 903 2148 169 D'une part ; Et Monsieur Decroës, fabricant de fleurs artificielles

1525 1013 2089 141 demeurant et domicilié à Paris, rue saint Denis, numéro trois

1520 1105 2058 146 cent quarante un ; Défendeur ; Défaillant ; D'autre part ;

1538 1210 2104 139 Point de fait - Par lettres du secrétaire du Conseil de Prud'hommes

1541 1303 2094 130 du Département de la Seine pour l'industrie des tissus établi à

1518 1425 2145 105 Paris, en dates des Lundi sept et Mardi huit juin mil huit

1536 1507 2124 133 cent cinquante huit les époux Margeran ès noms et qualités qu'ils

1536 1602 2083 136 agissent firent citer Decroës à comparaître par devant le dit

1553 1707 2100 120 Conseil de Prud'hommes pour se concilier si faire se pouvait sur

1546 1807 2066 123 la demande qu'il entendaient former contre lui devant le dit

1546 1904 2137 138 Conseil en paiement de la somme de Vingt sept francs Cinquante

1546 2007 2112 128 quinze Centimes qu'il leur doit pour prix de travaux faits

1538 2104 2071 125 par la mineure Léontine Boiron pour son compte, dans ses

1546 2222 2125 99 ateliers et d'après ses ordres. Decroës n'ayant pas comparu la

1525 2306 2163 108 cause fut renvoyée devant le Bureau Général du dit conseil séant

1520 2401 2140 115 le Vendredi onze juin mil huit cent cinquante huit. Cité

1500 2498 2178 131 pour le dit jour onze juin Decroës ne comparut pas. A l'appel

1543 2593 2133 115 de la cause les époux Margeran se présentèrent et conclurent à

1507 2690 2166 143 ce qu'il plut au Bureau Général dudit conseil donner défaut

1523 2803 2148 102 contre Decroës non comparant ni personne pour lui quoique dument

1533 2877 2109 138 appelé et pour le profit le condamner à leur payer avec intérêts
