4608 3072
2076 258 857 126 Du dit jour vingt neuf janvier

1354 340 2375 138 Entre madame Marie Thérèse Péronnel, épouse assistée et

1331 440 2424 151 autorisée du sieur Jules Alexandre Yékiche,

1310 558 2435 140 et ce dernier, la dite dame exerçant la profession de lingère, demeurant et

1333 660 2445 146 domiciliés ensemble, les dits époux, à Paris, rue Tesnouy Popimcourt,

1326 778 2419 138 numéro cinq ; Demandeurs ; Comparant ; D’une part ; Et

1374 888 2399 143 Madame veuve Bouquet, demeurant  à Paris, rue Geoffroy

1323 1000 2399 131 saint Hilaire, numéro vingt trois, agissant au nom et comme

1333 1118 2455 110 chargée de l’administration de la personne et des biens de sa fille

1295 1216 2504 143 mineure Maria Bouquet, apprentie ; Défenderesse ; Défaillante ;

1303 1331 2508 138 D’autre part ; Point de fait - Par lettre du secrétaire du conseil

1331 1451 2501 141 de Prud’hommes du Département de la Seine pour l’industrie

1290 1571 2557 126 des tissus en date du Lundi vingt un septembre mil huit cent cinquante

1310 1681 2471 149 sept les époux Yékiche firent citer la veuve Bouquet ès noms

1315 1786 2545 154 qu’elle agit, à Comparaître par-devant le dit Conseil séant en Bureau

1267 1907 2537 148 Particulier le mardi vingt deux septembre mil huit cent cinquante

1297 2001 2499 190 sept pour se concilier si faire se pouvait sur la demande qu’ils

1300 2127 2547 164 entendaient former contre elle devant le dit conseil en exécution de

1280 2255 2542 164 Convention verbale d’apprentissage consentie pour la mineure

1297 2365 2560 187 Maria Bouquet. A l’appel de la cause les époux Yékiche se

1277 2470 2596 212 présenter et exposèrent au Conseil que suivant convention verbale

1300 2585 2560 223 intervenue entre eux et la veuve Bouquet le quinze octobre mil huit

1287 2718 2563 208 cent cinquante cinq la veuve Bouquet a placé sa fille mineure

1566 2810 2304 231 Maria chez eux en qualité d’apprentie pour trois année à partir
