3072 4608
829 241 2131 196 agit comparut. A l'appel de la cause la demoiselle suellinckx

737 360 2254 189 se présenta et conclut à ce qu'il plut au Bureau Général du dit conseil

829 456 2154 181 Dire et ordonner que dans le jour du jugement à intervenir Bedouin

821 556 2178 188 sera tenu de faire rentrer sa fille Louise dans ses ateliers pour y continuer

802 652 2170 169 son apprentissage aux termes de conventions verbales en date de

787 752 2169 177 Juillet mil huit cent cinquante sept qui en fixèrent la durée à

791 848 2173 188 cinq années, sinon et faute par lui de ce faire le condamner dès

787 948 2189 180 à présent à lui payer avec intérêts suivant la loi la somme de cent

787 1048 2204 192 trente francs à titre de dommages-intérêts et le condamner aux dépens

791 1152 2200 188 De son coté Bédouin se présenta et conclut à ce qu'il plut au Bureau

794 1251 2182 189 Général dudit Conseil attendu qu'il n'y a pas placé sa fille pour cinq

775 1351 2204 185 années chez la demanderesse; que sur sa demande il a consenti à lui

764 1459 2223 165 confier deux de ses filles pour un temps indéterminé, ce qui est prouvé

775 1562 2212 185 par la conduite de la demoiselle suellinckx, qui s'est trouvée si peu

760 1658 2212 177 liée qu'elle lui a remis, fin avril dernier l'aînée, sans aucun autre

748 1766 2197 173 motif que celui né d'un caprice ; Par ces motifs — Déclarer la

748 1870 2254 188 demoiselle suellinckx non recevable en ses demandes, l'en déboute

760 1973 2227 181 et la condamner aux dépens ? Point de droit — Doit-en dire et ordonner

760 2085 2223 176 que dans le jour du jugement à intervenir Bedouin sera tenu de faire

752 2188 2239 177 rentrer sa fille chez la demanderesse pour y continuer son apprentissage

744 2292 2232 165 pendant cinq années aux termes de conventions verbales intervenues

741 2403 2250 192 en Juillet mil huit cent cinquante sept? Ou bien doit-on, conformément

741 2511 2246 180 aux conclusions de Bedouin dire que ces conventions verbales n'ont

92 2599 2853 200 quatre mots rayés pas existés dans les termes posés par la demanderesse; que les

748 2718 2208 173 parties n'étant nullement engagées pour un temps plus ou moins

756 2818 2216 184 long elles restaient libres de remettre ou retirer les apprenties à leur

718 2929 2265 173 gré en conséquence Déclarer la demoiselle suellinckx non recevable

729 3029 2239 162 en ses demandes, l'en débouter comme malfondée en icelles ? Que

741 3129 2192 184 doit-il être statué à l'égard des dépens ? Après avoir entendu les

741 3237 2250 180 parties en leurs demandes et conclusions respectivement et en avoir

725 3344 2239 184 délibéré Conformément à la loi attendu que des dires et explications

733 3452 2200 188 des parties il résulte que les conventions verbales d'apprentissage dont

733 3548 2227 188 la demanderesse invoque le bénifice n'ont assigné aucune durée

741 3655 2227 200 à l'apprentissage des mineures Bédouin, que les parties restaient

718 3774 2234 181 maitres de la continuer ou faire cesser à leur gré, que cette disposition

714 3870 2235 181 des dites Conventions verbales a été confirmée par ce fait de le demanderesse

702 3970 2147 204 qui, huit jours avant que Bedouin pensa à retirer la  plus jeune de

725 4070 2224 188 ses deux filles, avait elle même renvoyée l'aînée chez ses parents, qu'il

683 4177 2258 192 s'en suit qu'il n'y a lieu à admettre les prétentions de la demanderesse

695 4285 2108 188 Suellinckx ; Par ces motifs le Bureau Général jugeant en

675 4381 1951 215 premiers ressort, Déclare la demoiselle suellinckx
