3072 4608
1175 199 737 154 Du dit jour huit Janvier

537 303 2058 157 Entre Madame Victoire Buisset, épouse assistée et autorisée du

529 399 2070 146 sieur Monterme, et ce dernier la dite dame brodeuse, demeurant

522 499 2085 142 et domicilié ensemble, les dits époux, à Paris, rue des juges consuls,

522 587 2066 146 numéro trois ; Demandeur ; Comparant ; D’une part ;

522 687 2062 142 Et Monsieur et madame Brick, le dit sieur Brick, tant

518 783 2085 142 en son noms personnel que pour assister et autoriser la dame son épouse

503 883 2112 138 ouvrière brodeuse, demeurant  ensemble les dits époux, à Passy,

491 975 2127 142 Boulevard Beauséjour,, numéro trente; Défenseur ; Comparant

499 1075 1973 138 par le sieur Brick ; D’autre part ; Point de faits -

506 1175 2105 126 Par lettres du secrétaire du Conseil de Prud’homme du Département

503 1263 2096 142 de la Seine, établi à Paris pour l’industrie du tissus, en date des

487 1367 2116 138 dix huit et vingt une Décembre mil huit cent cinquante sept les

487 1463 2097 134 époux Monterme firent citer les époux Brick à comparaitre

483 1562 2135 135 pardevant le dit conseil de Prud’hommes séant en Bureaux Particuliers

468 1655 2150 153 les lundi vingt un et samedi vingt trois Décembre mil huit cent

453 1743 2162 161 cinquante sept pour se concilier si faire se pouvait sur la demande

441 1854 2174 150 qu’ils entendaient former contre eux devant le dit conseil en remboursement

483 1954 2132 150 de la somme de deux francs avancés à la dame Brick sur le prix d’un

464 2042 2147 162 travail qu’elle devait faire et qu’el n’a pas fait et en restitution d’une

453 2146 2100 154 mantelet de tafetas noir que la dame Birck s’était chargée de

476 2250 2108 146 broder pour le compte de Madame Monterme. Les époux

460 2346 2128 146 Brick n’ayant pas comparu la cause fut renvoyée devant le

437 2438 2166 157 Bureau Général du dit conseil séant le Jeudi vingt quatre

437 2530 2181 188 décembre mil huit cent cinquante huit. Cités à comparaitre

445 2634 2185 165 huit janvier mil huit cent cinquante huit. Cités à Comparaître

453 2730 2165 192 le dit jour huit janvier par explois de Fontaine, huissier à Paris , en

460 2837 2158 200 date  du deux Janvier mil huit cent cinquante huit, visé pour timbre

433 2945 2182 192 et enregistré à Paris, le quatre Janvier mil huit cent cinquante huit,

441 3037 2162 192 en délier de un francs vingt cinq centimes, folio vingt cinq, case cinq

441 3144 2151 192 verso, signé : Drevon les époux Brick Comparant par  le sieur

433 3240 2189 196 Brick. A l’appel de la cause les époux Monterme se présentèrent

433 3344 2182 200 et concluent à ce qu’il plus au Bureau Général du dit Conseil

422 3432 2193 204 Condamner solidairement les époux Brick à leur payer la somme

422 3528 2196 223 de deux francs pour autant qui a été avancé à la dame Brick pour

430 3628 2177 215 un travail qu’elle n’a pas fait ; Dire et condamner que dans le jour

441 3743 2177 212 du jugement à intervenir les époux Brick seront tenus de leur

403 3836 2219 230 restituer un mantelet de tafetas que madame Brick s’était

418 3935 2200 227 chargée de broder, sinon et faute par eux de se faire dans le dit

422 4035 2196 227 jour les condamner dès à présent à lui payer avec intérêts suivant

414 4135 2204 273 la loi  la somme de vingt cinq francs pour la valeur du dit mantelet
