<?xml version="1.0" encoding="UTF-8"?>
<alto xmlns:xsi="http://www.w3.org/2001/XMLSchema-instance"
      xmlns="http://www.loc.gov/standards/alto/ns-v4#"
      xsi:schemaLocation="http://www.loc.gov/standards/alto/ns-v4# http://www.loc.gov/standards/alto/v4/alto-4-2.xsd">
  <Description>
    <MeasurementUnit>pixel</MeasurementUnit>
    <sourceImageInformation>
      <fileName>PH 1858-87.jpg</fileName>
      
    </sourceImageInformation>
  </Description>
  
  <Tags>
    <OtherTag ID="BT4" LABEL="Illustration" DESCRIPTION="block type Illustration"/><OtherTag ID="BT3" LABEL="Commentary" DESCRIPTION="block type Commentary"/><OtherTag ID="BT2" LABEL="Main" DESCRIPTION="block type Main"/><OtherTag ID="BT1" LABEL="Title" DESCRIPTION="block type Title"/>
    
  </Tags>
  
  <Layout>
    <Page WIDTH="4608"
          HEIGHT="3072"
          PHYSICAL_IMG_NR="88"
          ID="eSc_dummypage_">
      <PrintSpace HPOS="0"
                  VPOS="0"
                  WIDTH="4608"
                  HEIGHT="3072">
        

        
        <TextBlock ID="eSc_dummyblock_">
          
          
          <TextLine ID="r5l10"
                    
                    BASELINE="1362 800 1472 806 1583 811 1693 817 1804 822 1914 828 2025 834 2135 839 2246 844 2356 850 2467 855 2578 860 2688 864 2799 869 2909 873 3020 876 3130 881 3241 884 3351 887 3462 888 3573 890" 
                    HPOS="1359"
                    VPOS="724"
                    WIDTH="2212"
                    HEIGHT="200">
            <Shape><Polygon POINTS="1359 829 1420 821 1779 849 1784 849 1786 849 1789 849 1984 844 2188 867 2242 872 2245 872 2247 872 2255 870 2283 860 2298 872 2301 875 2304 875 2306 875 2488 880 2982 888 2995 901 2997 903 3000 903 3002 903 3005 906 3082 906 3502 906 3560 924 3571 888 3571 834 3484 808 3481 808 3479 808 3476 808 3407 829 3402 829 3397 826 3335 801 3333 801 3330 801 3220 803 3217 803 3215 803 3192 819 3171 829 3013 811 3010 811 2956 821 2920 806 2874 783 2872 783 2869 783 2805 793 2700 775 2698 775 2695 775 2641 793 2600 806 2519 806 2490 785 2485 780 2483 780 2480 780 2478 780 2475 780 2462 783 2442 791 2424 783 2385 762 2383 762 2380 762 2378 762 2329 778 2286 791 2076 788 2045 765 2027 750 2024 750 2022 750 1871 742 1868 742 1866 742 1832 755 1779 773 1674 750 1671 750 1669 750 1666 750 1638 768 1569 768 1515 739 1487 727 1484 727 1420 724 1418 724 1415 724 1413 724 1400 734 1384 744 1367 732 1361 798 1359 829"/></Shape>
	    <String CONTENT="pour lui quoique dument appelé ; attendu qu’en ne comparaissant "
                    HPOS="1359"
                    VPOS="724"
                    WIDTH="2212"
                    HEIGHT="200"></String>
          </TextLine>

          
          
          <TextLine ID="r5l11"
                    
                    BASELINE="1371 905 1478 909 1586 914 1693 919 1801 924 1908 929 2016 933 2123 938 2231 944 2338 948 2446 953 2554 957 2661 962 2769 965 2876 969 2984 973 3091 976 3199 978 3306 981 3414 983 3522 984" 
                    HPOS="1367"
                    VPOS="821"
                    WIDTH="2153"
                    HEIGHT="192">
            <Shape><Polygon POINTS="2890 872 2887 872 2880 872 2854 872 2836 870 2813 870 2803 870 2795 867 2664 865 2662 865 2659 865 2657 865 2631 883 2613 870 2613 867 2611 867 2608 867 2606 867 2603 867 2552 893 2542 901 2483 901 2467 890 2444 875 2442 875 2439 875 2437 875 2370 878 2337 852 2334 852 2332 852 2260 849 2257 849 2255 849 2252 849 2209 880 2206 883 2135 885 1927 875 1904 867 1789 832 1786 832 1784 832 1781 832 1730 849 1661 829 1658 829 1656 829 1556 849 1523 824 1520 824 1518 824 1446 821 1443 821 1441 821 1369 842 1369 903 1367 934 1505 929 1717 949 1794 954 1797 954 1853 952 1968 947 2096 960 2201 970 3225 1006 3228 1006 3366 998 3368 998 3386 1013 3389 1013 3392 1013 3394 1013 3517 1000 3520 983 3520 936 3438 934 3435 931 3366 890 3363 890 3361 890 3310 888 3307 888 3304 888 3187 921 3174 924 2969 911 2938 911 2892 872 2890 872"/></Shape>
	    <String CONTENT="pas devant les Bureaux du Conseil Wéber a causé à Aurer "
                    HPOS="1367"
                    VPOS="821"
                    WIDTH="2153"
                    HEIGHT="192"></String>
          </TextLine>

          
          
          <TextLine ID="r5l12"
                    
                    BASELINE="1371 1007 1482 1012 1593 1017 1704 1023 1815 1028 1926 1032 2037 1038 2149 1043 2260 1047 2371 1053 2482 1058 2593 1062 2704 1066 2815 1069 2927 1073 3038 1076 3149 1079 3260 1080 3371 1082 3482 1083 3594 1083" 
                    HPOS="1367"
                    VPOS="934"
                    WIDTH="2224"
                    HEIGHT="171">
            <Shape><Polygon POINTS="1369 1006 1367 1024 1520 1029 1523 1031 1594 1052 1597 1052 1600 1052 1702 1039 1758 1054 1761 1054 1763 1054 1925 1047 1927 1047 1932 1047 2186 1072 3586 1105 3591 1082 3591 1006 3392 1029 3294 1024 3246 998 3238 993 3235 993 3105 990 3102 990 3100 990 3087 993 3015 1016 2908 1013 2874 988 2869 985 2867 985 2864 985 2862 985 2859 985 2846 988 2785 1006 2744 985 2721 975 2718 975 2716 975 2636 983 2536 995 2470 980 2455 977 2452 977 2439 980 2383 993 2357 977 2347 970 2344 970 2342 970 2339 970 2240 975 2101 983 2058 970 1984 949 1981 949 1894 947 1891 947 1889 947 1850 967 1835 975 1664 970 1653 962 1615 936 1612 936 1610 936 1482 934 1479 934 1369 954 1369 1006"/></Shape>
	    <String CONTENT="un préjudice de perte de temps, ce qu’il doit réparer ; Par ces motifs – "
                    HPOS="1367"
                    VPOS="934"
                    WIDTH="2224"
                    HEIGHT="171"></String>
          </TextLine>

          
          
          <TextLine ID="r5l13"
                    
                    BASELINE="1343 1110 1460 1116 1578 1120 1696 1126 1814 1131 1932 1136 2050 1142 2167 1146 2285 1151 2403 1155 2521 1160 2639 1164 2757 1167 2874 1170 2992 1173 3110 1176 3228 1178 3346 1180 3464 1181 3582 1182" 
                    HPOS="1338"
                    VPOS="1031"
                    WIDTH="2243"
                    HEIGHT="179">
            <Shape><Polygon POINTS="1341 1108 1338 1139 1955 1149 2004 1159 2094 1172 2877 1185 3100 1205 3102 1205 3105 1205 3143 1192 3261 1210 3264 1210 3266 1210 3325 1195 3328 1195 3576 1200 3581 1180 3581 1116 3558 1098 3555 1098 3553 1098 3281 1090 3279 1090 3276 1090 3274 1090 3240 1111 3223 1123 3202 1111 3189 1100 3187 1100 3184 1100 3182 1100 3141 1108 3084 1121 3005 1105 2923 1090 2920 1090 2859 1103 2851 1103 2849 1103 2805 1075 2803 1075 2800 1075 2798 1075 2795 1075 2728 1100 2700 1108 2608 1108 2570 1095 2449 1062 2447 1062 2444 1062 2442 1062 2375 1090 2365 1098 2291 1098 2275 1088 2250 1072 2247 1072 2245 1072 2242 1072 2165 1085 2142 1090 2135 1085 2104 1067 2101 1067 2099 1067 2096 1067 2094 1067 2037 1082 2027 1085 2014 1082 1960 1072 1958 1072 1907 1080 1889 1082 1871 1080 1776 1057 1774 1057 1648 1064 1566 1034 1564 1034 1482 1031 1479 1031 1400 1034 1397 1034 1341 1062 1341 1108"/></Shape>
	    <String CONTENT="Le Bureau Général jugeant en dernier ressort ; Donne défaut "
                    HPOS="1338"
                    VPOS="1031"
                    WIDTH="2243"
                    HEIGHT="179"></String>
          </TextLine>

          
          
          <TextLine ID="r5l14"
                    
                    BASELINE="1337 1212 1451 1220 1565 1227 1679 1234 1793 1239 1908 1245 2022 1250 2136 1253 2250 1257 2364 1260 2479 1263 2593 1265 2707 1268 2821 1269 2935 1272 3050 1274 3164 1277 3278 1280 3392 1283 3506 1286 3621 1289" 
                    HPOS="1333"
                    VPOS="1149"
                    WIDTH="2286"
                    HEIGHT="161">
            <Shape><Polygon POINTS="1336 1210 1333 1228 1487 1251 3614 1310 3619 1287 3619 1244 3496 1239 3430 1208 3427 1208 3425 1208 3422 1208 3353 1231 3335 1236 3212 1233 3200 1226 3151 1203 3148 1203 3146 1203 3143 1203 3112 1218 3087 1203 3084 1203 3082 1203 3079 1203 3077 1203 3043 1218 3028 1226 2933 1223 2920 1213 2890 1192 2887 1192 2885 1192 2882 1192 2780 1208 2723 1216 2608 1208 2598 1200 2580 1187 2577 1187 2575 1187 2572 1187 2475 1195 2375 1203 2352 1190 2342 1185 2339 1185 2337 1185 2334 1185 2319 1187 2278 1200 2240 1185 2183 1162 2181 1162 2055 1159 2053 1159 2050 1159 2004 1175 1960 1190 1894 1190 1856 1169 1812 1149 1809 1149 1336 1149 1336 1210"/></Shape>
	    <String CONTENT="contre Wéber non comparant ni personne pour lui quoique dument "
                    HPOS="1333"
                    VPOS="1149"
                    WIDTH="2286"
                    HEIGHT="161"></String>
          </TextLine>

          
          
          <TextLine ID="r5l15"
                    
                    BASELINE="1371 1329 1478 1334 1586 1339 1694 1343 1801 1347 1909 1350 2017 1353 2124 1356 2232 1359 2340 1362 2448 1364 2555 1366 2663 1368 2771 1370 2878 1371 2986 1373 3094 1374 3201 1374 3309 1376 3417 1377 3525 1379" 
                    HPOS="1367"
                    VPOS="1244"
                    WIDTH="2155"
                    HEIGHT="164">
            <Shape><Polygon POINTS="3297 1282 3294 1282 3292 1282 3210 1297 3187 1280 3184 1280 3182 1280 3054 1280 3051 1280 3048 1280 2967 1310 2961 1313 2959 1310 2897 1274 2895 1274 2892 1274 2839 1272 2836 1272 2716 1300 2490 1264 2488 1264 2485 1264 2370 1295 2368 1295 2365 1295 2309 1264 2306 1264 2304 1264 2301 1264 2298 1264 2280 1277 2222 1269 2219 1269 2216 1269 2214 1269 2183 1290 2173 1295 2058 1295 2048 1285 2042 1280 2040 1280 2037 1280 2035 1280 2009 1285 1984 1290 1955 1282 1904 1269 1902 1269 1899 1269 1896 1269 1876 1280 1866 1287 1856 1280 1807 1249 1804 1249 1802 1249 1799 1249 1797 1249 1745 1277 1730 1285 1617 1285 1605 1272 1576 1251 1574 1251 1571 1251 1520 1244 1518 1244 1515 1244 1448 1269 1433 1274 1423 1267 1405 1254 1402 1254 1400 1254 1397 1254 1395 1254 1369 1264 1369 1328 1367 1361 1587 1354 1715 1369 1733 1372 1735 1372 1861 1372 2257 1372 2265 1379 2275 1387 2278 1387 2280 1387 2283 1387 2332 1379 2373 1372 2408 1379 2447 1390 2449 1390 2984 1402 2987 1402 2990 1402 3033 1390 3036 1390 3082 1390 3200 1392 3217 1408 3220 1408 3223 1408 3225 1408 3520 1395 3522 1377 3522 1328 3361 1323 3299 1282 3297 1282"/></Shape>
	    <String CONTENT="appelé ; Et adjugeant le profit du dit défaut ; condamne "
                    HPOS="1367"
                    VPOS="1244"
                    WIDTH="2155"
                    HEIGHT="164"></String>
          </TextLine>

          
          
          <TextLine ID="r5l16"
                    
                    BASELINE="1374 1425 1485 1432 1596 1440 1707 1445 1818 1450 1929 1455 2040 1459 2152 1462 2263 1465 2374 1467 2485 1469 2596 1472 2707 1472 2818 1473 2930 1475 3041 1475 3152 1476 3263 1476 3374 1478 3485 1478 3597 1479" 
                    HPOS="1369"
                    VPOS="1344"
                    WIDTH="2227"
                    HEIGHT="166">
            <Shape><Polygon POINTS="1372 1423 1369 1456 2347 1487 2350 1487 2408 1479 2426 1477 2432 1479 2442 1489 2444 1489 2447 1489 2867 1500 2869 1500 3235 1497 3256 1497 3258 1497 3320 1510 3322 1510 3594 1502 3596 1477 3596 1397 3381 1390 3379 1390 3376 1390 3374 1390 3368 1392 3317 1423 3289 1408 3287 1408 3284 1408 3202 1418 3166 1395 3164 1395 3161 1395 3159 1395 3156 1395 3097 1418 2969 1418 2933 1397 2931 1397 2928 1397 2926 1397 2890 1413 2575 1408 2519 1390 2516 1390 2513 1390 2437 1402 2373 1379 2329 1364 2327 1364 2219 1364 2216 1364 2214 1364 2188 1377 2165 1390 2081 1392 1991 1392 1958 1374 1943 1367 1940 1367 1937 1367 1935 1367 1917 1374 1884 1387 1848 1372 1794 1351 1792 1351 1789 1351 1720 1367 1661 1349 1658 1349 1413 1344 1410 1344 1408 1344 1372 1361 1372 1423"/></Shape>
	    <String CONTENT="Wéber à payer avec intérêts suivant la loi à Aurer la "
                    HPOS="1369"
                    VPOS="1344"
                    WIDTH="2227"
                    HEIGHT="166"></String>
          </TextLine>

          
          
          <TextLine ID="r5l17"
                    
                    BASELINE="1362 1547 1475 1551 1588 1556 1701 1559 1815 1561 1928 1563 2041 1565 2154 1566 2268 1568 2381 1569 2494 1569 2607 1571 2721 1572 2834 1574 2947 1575 3060 1578 3174 1581 3287 1584 3400 1587 3513 1592 3627 1598" 
                    HPOS="1361"
                    VPOS="1454"
                    WIDTH="2263"
                    HEIGHT="181">
            <Shape><Polygon POINTS="1361 1546 1361 1589 1423 1569 1745 1587 1748 1587 1912 1579 1937 1597 1940 1597 1943 1597 1945 1597 1948 1597 1950 1597 1973 1582 2048 1589 2050 1589 2112 1576 2204 1605 2206 1605 2209 1605 2211 1605 2250 1584 2311 1597 2314 1597 2316 1597 2344 1584 2501 1584 2603 1605 2606 1605 2810 1592 2900 1620 2905 1623 2908 1623 3169 1630 3171 1633 3274 1633 3274 1630 3276 1630 3279 1630 3279 1628 3322 1602 3397 1602 3548 1605 3617 1635 3624 1597 3622 1538 3499 1518 3496 1518 3128 1525 3105 1525 3102 1525 3028 1489 3025 1489 3023 1489 2915 1507 2739 1487 2736 1487 2734 1487 2654 1515 2652 1515 2511 1515 2508 1512 2449 1477 2447 1477 2444 1477 2396 1474 2321 1474 2319 1474 2316 1474 2224 1505 2055 1466 2053 1466 2050 1466 1986 1500 1858 1464 1856 1464 1853 1464 1635 1492 1574 1459 1571 1459 1431 1454 1428 1454 1425 1454 1361 1482 1361 1546"/></Shape>
	    <String CONTENT="somme de trente six francs qu’il lui doit pour prix de travaux "
                    HPOS="1361"
                    VPOS="1454"
                    WIDTH="2263"
                    HEIGHT="181"></String>
          </TextLine>

          
          
          <TextLine ID="r5l18"
                    
                    BASELINE="1343 1668 1456 1667 1569 1665 1682 1665 1795 1667 1908 1667 2021 1668 2134 1670 2247 1671 2360 1673 2473 1676 2586 1677 2699 1680 2812 1682 2925 1683 3038 1685 3151 1686 3264 1688 3377 1689 3490 1689 3603 1689" 
                    HPOS="1341"
                    VPOS="1574"
                    WIDTH="2260"
                    HEIGHT="136">
            <Shape><Polygon POINTS="3594 1597 3586 1594 3456 1630 3353 1605 3351 1605 3348 1605 3345 1605 3343 1605 3304 1630 3038 1630 2795 1628 2693 1600 2624 1584 2621 1584 2263 1602 2191 1579 2188 1579 2094 1579 2091 1579 2088 1579 2086 1579 2060 1594 1981 1579 1978 1579 1976 1579 1876 1607 1856 1612 1845 1607 1792 1576 1789 1576 1786 1576 1681 1600 1625 1574 1623 1574 1620 1574 1497 1594 1448 1574 1446 1574 1443 1574 1441 1574 1438 1574 1384 1610 1379 1612 1341 1612 1341 1666 1341 1689 2708 1689 2787 1704 2798 1704 2800 1704 2854 1704 3233 1694 3271 1707 3274 1707 3596 1710 3601 1687 3596 1597 3594 1597"/></Shape>
	    <String CONTENT="par lui faits pour son compte et d’après ses ordres, plus une "
                    HPOS="1341"
                    VPOS="1574"
                    WIDTH="2260"
                    HEIGHT="136"></String>
          </TextLine>

          
          
          <TextLine ID="r5l19"
                    
                    BASELINE="1331 1763 1445 1766 1559 1767 1674 1770 1788 1772 1902 1773 2017 1775 2131 1776 2245 1778 2360 1779 2474 1781 2588 1781 2703 1782 2817 1782 2931 1782 3046 1782 3160 1782 3274 1782 3389 1781 3503 1781 3618 1779" 
                    HPOS="1326"
                    VPOS="1684"
                    WIDTH="2291"
                    HEIGHT="128">
            <Shape><Polygon POINTS="1328 1761 1326 1779 1492 1799 1495 1799 1561 1786 1653 1799 1656 1799 1658 1799 1699 1784 1704 1784 1722 1784 1886 1802 1889 1802 2472 1794 2721 1792 2772 1797 2859 1809 2862 1809 2933 1799 2977 1794 3015 1802 3061 1809 3064 1809 3143 1802 3230 1794 3292 1804 3340 1812 3343 1812 3402 1804 3479 1797 3612 1807 3617 1776 3609 1725 3028 1730 3000 1722 2961 1710 2959 1710 2956 1710 2900 1722 2862 1730 2818 1722 2746 1707 2744 1707 2670 1720 2626 1702 2624 1702 2621 1702 2447 1720 2444 1720 2370 1689 2368 1689 2291 1689 2288 1689 2286 1689 2283 1689 2240 1717 2191 1689 2188 1689 2083 1687 2081 1687 2078 1687 1994 1720 1984 1722 1973 1720 1879 1687 1876 1687 1722 1687 1720 1687 1717 1687 1653 1710 1589 1694 1587 1694 1584 1694 1582 1694 1510 1717 1505 1720 1502 1717 1446 1684 1443 1684 1441 1684 1377 1684 1374 1684 1372 1684 1369 1684 1328 1710 1328 1761"/></Shape>
	    <String CONTENT="indemnité de neuf francs pour temps perdu ; Le condamne "
                    HPOS="1326"
                    VPOS="1684"
                    WIDTH="2291"
                    HEIGHT="128"></String>
          </TextLine>

          
          
          <TextLine ID="r5l20"
                    
                    BASELINE="1352 1875 1464 1877 1577 1877 1689 1878 1802 1878 1914 1880 2027 1880 2139 1881 2252 1881 2364 1883 2477 1883 2590 1884 2702 1884 2815 1886 2927 1886 3040 1886 3152 1886 3265 1886 3377 1886 3490 1886 3603 1884" 
                    HPOS="1349"
                    VPOS="1799"
                    WIDTH="2252"
                    HEIGHT="108">
            <Shape><Polygon POINTS="1351 1873 1349 1894 3596 1907 3601 1881 3594 1822 3417 1835 3389 1820 3358 1804 3356 1804 3353 1804 3351 1804 3310 1820 3292 1827 3279 1820 3256 1804 3253 1804 3251 1804 3248 1804 3246 1804 3215 1820 3184 1838 2984 1838 2956 1820 2933 1804 2931 1804 2928 1804 2869 1804 2867 1804 2685 1820 2519 1832 2485 1820 2444 1802 2442 1802 2193 1802 2191 1802 2188 1802 2186 1802 2160 1817 2158 1820 2152 1817 2096 1799 2094 1799 1950 1799 1948 1799 1945 1799 1912 1817 1907 1820 1904 1817 1884 1807 1881 1807 1879 1807 1876 1807 1845 1817 1804 1830 1740 1817 1735 1817 1733 1817 1725 1817 1607 1830 1569 1817 1543 1807 1541 1807 1538 1807 1536 1807 1507 1817 1464 1830 1351 1817 1351 1873"/></Shape>
	    <String CONTENT="en outre aux dépens taxés et liquidé en vers le demandeur à la somme de "
                    HPOS="1349"
                    VPOS="1799"
                    WIDTH="2252"
                    HEIGHT="108"></String>
          </TextLine>

          
          
          <TextLine ID="r5l21"
                    
                    BASELINE="1368 1985 1478 1985 1589 1986 1700 1986 1810 1986 1921 1986 2032 1988 2142 1988 2253 1988 2364 1988 2475 1988 2585 1988 2696 1988 2807 1988 2917 1988 3028 1988 3139 1988 3249 1988 3360 1988 3471 1988 3582 1988" 
                    HPOS="1367"
                    VPOS="1902"
                    WIDTH="2214"
                    HEIGHT="115">
            <Shape><Polygon POINTS="3578 1937 3304 1937 3299 1932 3256 1902 3253 1902 3251 1902 3248 1902 3161 1907 3159 1907 3115 1930 3105 1935 3069 1930 2972 1914 2969 1914 2908 1927 2897 1930 2890 1927 2836 1904 2833 1904 2831 1904 2828 1904 2790 1922 2664 1902 2124 1902 2122 1902 2119 1902 2081 1917 2035 1937 1571 1937 1530 1917 1528 1917 1525 1917 1523 1917 1461 1932 1369 1909 1367 1984 1367 2012 2155 2001 2485 2014 2529 2014 2531 2014 2544 2014 2639 2001 2731 2014 2741 2014 2744 2014 2777 2014 3069 2001 3087 2014 3089 2014 3092 2014 3095 2017 3243 2017 3243 2014 3269 2014 3545 2001 3573 2014 3581 1986 3578 1937"/></Shape>
	    <String CONTENT="deux francs quarante six centimes, et à celle de deux francs envers "
                    HPOS="1367"
                    VPOS="1902"
                    WIDTH="2214"
                    HEIGHT="115"></String>
          </TextLine>

          
          
          <TextLine ID="r5l22"
                    
                    BASELINE="1367 2091 1480 2093 1593 2094 1706 2096 1820 2096 1933 2096 2046 2096 2160 2096 2273 2094 2386 2093 2500 2093 2613 2091 2726 2091 2839 2090 2953 2090 3066 2090 3179 2090 3293 2091 3406 2093 3519 2096 3633 2099" 
                    HPOS="1364"
                    VPOS="2001"
                    WIDTH="2268"
                    HEIGHT="126">
            <Shape><Polygon POINTS="1364 2088 1364 2119 1454 2106 1597 2119 1623 2122 1625 2122 1628 2122 1635 2119 1692 2106 1712 2119 1712 2122 1715 2122 1717 2122 1720 2122 1789 2119 2050 2112 2196 2119 2270 2124 2273 2124 2275 2124 2278 2124 2283 2119 2296 2112 2309 2119 2314 2124 2316 2124 2319 2124 2321 2127 2472 2127 2472 2124 2503 2119 2583 2109 2869 2109 2885 2119 2892 2127 2895 2127 2897 2127 2900 2127 2933 2119 2977 2112 3627 2119 3632 2096 3627 2022 3210 2032 3138 2030 3125 2022 3105 2007 3102 2007 3100 2007 2972 2007 2969 2007 2967 2007 2938 2022 2915 2032 2859 2022 2846 2019 2844 2019 2828 2022 2772 2030 2746 2022 2713 2009 2711 2009 2708 2009 2705 2009 2685 2022 2664 2032 2603 2032 2585 2022 2572 2012 2570 2012 2567 2012 2565 2012 2562 2012 2529 2022 2496 2030 2329 2022 2245 2017 2242 2017 2240 2017 2229 2022 2209 2030 2186 2022 2135 2001 2132 2001 2045 2001 2042 2001 2040 2001 2004 2022 1999 2024 1994 2022 1973 2007 1971 2007 1968 2007 1830 2001 1827 2001 1825 2001 1822 2001 1797 2017 1740 2001 1738 2001 1735 2001 1733 2001 1730 2001 1704 2022 1699 2024 1607 2027 1597 2022 1576 2007 1574 2007 1571 2007 1451 2001 1448 2001 1446 2001 1443 2001 1413 2022 1402 2027 1364 2022 1364 2088"/></Shape>
	    <String CONTENT="le Trésor Public pour le papier timbré de la présente minute, le "
                    HPOS="1364"
                    VPOS="2001"
                    WIDTH="2268"
                    HEIGHT="126"></String>
          </TextLine>

          
          
          <TextLine ID="r5l23"
                    
                    BASELINE="1350 2205 1465 2204 1580 2204 1695 2202 1810 2202 1925 2201 2040 2201 2155 2199 2270 2199 2385 2198 2500 2197 2615 2196 2730 2196 2845 2195 2960 2194 3075 2193 3190 2193 3305 2192 3420 2192 3535 2192 3650 2190" 
                    HPOS="1346"
                    VPOS="2106"
                    WIDTH="2302"
                    HEIGHT="139">
            <Shape><Polygon POINTS="1349 2204 1349 2245 1472 2242 1474 2242 1477 2242 1510 2222 1571 2237 1574 2237 1576 2237 1896 2219 2152 2219 2173 2232 2176 2232 2178 2232 2181 2232 2301 2216 2344 2234 2347 2234 2350 2234 2352 2234 2355 2234 2380 2216 2508 2216 2749 2229 2752 2229 2754 2229 2790 2214 2856 2232 2877 2234 2880 2234 2882 2234 2900 2229 2961 2214 3008 2229 3015 2232 3018 2232 3020 2232 3059 2229 3225 2211 3271 2227 3279 2229 3281 2229 3284 2229 3322 2227 3461 2211 3642 2222 3648 2188 3640 2106 3509 2140 3266 2142 3156 2142 3110 2117 3095 2109 3092 2109 3033 2109 3031 2109 3028 2109 3005 2119 2959 2140 2915 2122 2905 2117 2903 2117 2900 2117 2874 2122 2823 2135 2805 2124 2792 2114 2790 2114 2787 2114 2785 2114 2782 2114 2759 2124 2754 2127 2749 2124 2728 2112 2726 2112 2723 2112 2600 2112 2598 2112 2595 2112 2593 2112 2567 2129 2542 2145 2496 2145 2444 2132 2396 2117 2393 2117 2391 2117 2388 2117 2352 2132 2347 2135 2339 2135 2250 2114 2247 2114 2245 2114 2242 2114 2206 2137 2188 2147 2114 2147 2088 2140 2027 2117 2024 2117 2022 2117 1899 2124 1896 2124 1894 2124 1868 2142 1866 2145 1866 2142 1822 2117 1820 2117 1817 2117 1748 2117 1745 2117 1743 2117 1740 2117 1722 2132 1704 2119 1702 2119 1699 2119 1697 2119 1694 2119 1587 2150 1582 2150 1576 2150 1423 2119 1420 2119 1418 2119 1346 2150 1349 2204"/></Shape>
	    <String CONTENT="papier timbré et l’enregistrement de la citation, conformément à la loi "
                    HPOS="1346"
                    VPOS="2106"
                    WIDTH="2302"
                    HEIGHT="139"></String>
          </TextLine>

          
          
          <TextLine ID="r5l24"
                    
                    BASELINE="1358 2312 1473 2312 1588 2313 1703 2313 1818 2312 1933 2312 2048 2312 2163 2310 2278 2310 2393 2309 2508 2309 2623 2307 2738 2306 2853 2306 2968 2304 3083 2304 3198 2303 3313 2303 3428 2303 3543 2303 3659 2303" 
                    HPOS="1354"
                    VPOS="2222"
                    WIDTH="2304"
                    HEIGHT="125">
            <Shape><Polygon POINTS="1356 2311 1356 2347 1466 2329 1574 2344 1576 2347 1597 2347 1930 2347 1930 2344 1976 2342 2183 2327 2216 2339 2224 2342 2227 2342 2229 2342 2286 2339 2429 2329 2508 2337 2542 2339 2544 2339 2547 2339 2554 2337 2583 2324 2677 2334 2721 2339 2723 2339 2885 2332 3151 2321 3171 2329 3187 2337 3189 2337 3192 2337 3194 2337 3212 2329 3233 2321 3653 2324 3658 2301 3655 2252 3560 2252 3509 2229 3507 2229 3504 2229 3502 2229 3445 2250 3348 2237 3345 2237 3246 2250 3228 2237 3225 2237 3223 2237 3220 2237 3054 2252 2990 2222 2987 2222 2984 2222 2818 2252 2764 2232 2762 2232 2759 2232 2547 2252 2496 2224 2493 2224 2362 2224 2360 2224 2219 2252 2183 2227 2181 2227 2178 2227 2176 2227 2101 2237 1994 2224 1991 2224 1989 2224 1986 2224 1945 2252 1868 2227 1866 2227 1625 2227 1623 2227 1354 2260 1356 2311"/></Shape>
	    <String CONTENT="du sept aout mil huit cent cinquante, ence, non compris le cout "
                    HPOS="1354"
                    VPOS="2222"
                    WIDTH="2304"
                    HEIGHT="125"></String>
          </TextLine>

          
          
          <TextLine ID="r5l25"
                    
                    BASELINE="1347 2418 1461 2420 1575 2420 1689 2420 1804 2420 1918 2418 2032 2417 2147 2415 2261 2414 2375 2412 2490 2411 2604 2409 2718 2407 2832 2405 2947 2403 3061 2402 3175 2402 3290 2400 3404 2400 3518 2400 3633 2400" 
                    HPOS="1344"
                    VPOS="2316"
                    WIDTH="2288"
                    HEIGHT="141">
            <Shape><Polygon POINTS="1346 2416 1346 2457 1625 2452 1628 2452 1681 2429 1699 2442 1702 2442 1704 2442 1707 2442 1771 2434 1797 2447 1799 2447 1802 2447 1804 2447 1807 2447 1827 2434 1935 2447 1989 2452 1991 2452 1994 2452 2017 2444 2078 2426 2191 2426 2263 2439 2314 2449 2316 2449 2319 2449 2321 2449 2339 2439 2368 2424 2595 2426 2606 2434 2624 2444 2626 2444 2629 2444 2631 2444 2634 2444 2636 2444 2652 2432 2662 2426 2777 2429 2938 2434 2941 2434 2944 2434 2946 2434 2956 2426 2967 2419 2979 2426 3000 2434 3002 2434 3005 2434 3008 2434 3010 2434 3023 2424 3028 2421 3051 2424 3128 2434 3130 2434 3133 2434 3176 2421 3182 2421 3187 2421 3281 2437 3284 2437 3287 2437 3348 2419 3358 2416 3368 2416 3479 2437 3481 2437 3630 2411 3632 2398 3624 2316 3540 2350 3494 2319 3491 2319 3489 2319 3486 2319 3479 2319 3371 2337 3310 2324 3287 2319 3284 2319 3184 2321 3182 2321 3179 2321 3174 2327 3128 2357 3072 2357 3031 2329 3023 2324 3020 2324 3018 2324 3015 2324 3013 2324 2995 2332 2928 2360 2734 2360 2700 2337 2682 2324 2680 2324 2677 2324 2636 2324 2634 2324 2542 2327 2539 2327 2536 2327 2516 2342 2511 2344 2508 2342 2488 2329 2485 2329 2483 2329 2383 2327 2380 2327 2378 2327 2337 2347 2301 2362 2211 2350 2083 2329 2081 2329 2078 2329 2035 2352 2027 2357 2014 2352 1994 2347 1991 2347 1989 2347 1986 2347 1984 2347 1973 2355 1955 2365 1802 2357 1704 2355 1702 2355 1661 2362 1628 2368 1617 2362 1571 2339 1569 2339 1566 2339 1564 2339 1479 2365 1472 2368 1461 2368 1402 2355 1400 2355 1397 2355 1344 2368 1346 2416"/></Shape>
	    <String CONTENT="du présente jugement, la signification d’icelui et ses suites. Et vu les"
                    HPOS="1344"
                    VPOS="2316"
                    WIDTH="2288"
                    HEIGHT="141"></String>
          </TextLine>

          
          
          <TextLine ID="r5l26"
                    
                    BASELINE="1325 2529 1442 2531 1559 2532 1676 2532 1793 2531 1910 2529 2027 2528 2144 2525 2261 2522 2378 2519 2495 2516 2612 2513 2729 2511 2846 2508 2963 2507 3080 2505 3197 2505 3314 2507 3431 2508 3548 2511 3665 2516" 
                    HPOS="1323"
                    VPOS="2426"
                    WIDTH="2340"
                    HEIGHT="139">
            <Shape><Polygon POINTS="1323 2560 1438 2544 1492 2560 1505 2562 1507 2562 1510 2565 1748 2565 1748 2562 1751 2562 1753 2562 1761 2557 1771 2549 1804 2557 1827 2560 1830 2560 1832 2560 1843 2554 1866 2544 1940 2554 1978 2560 1981 2560 1984 2560 2001 2554 2045 2539 2068 2554 2071 2554 2073 2554 2076 2554 2096 2552 2206 2542 2237 2552 2245 2554 2247 2554 2250 2554 2280 2552 2388 2536 2434 2549 2460 2557 2462 2557 2465 2557 2467 2557 2493 2549 2552 2531 2746 2531 2782 2547 2800 2554 2803 2554 2805 2554 2808 2554 2841 2547 2905 2529 3660 2536 3663 2513 3660 2457 3576 2437 3573 2437 3571 2437 3525 2455 3440 2432 3438 2432 3435 2432 3361 2434 3358 2434 3356 2434 3322 2457 3202 2442 3200 2442 3105 2460 3097 2460 3095 2460 3013 2426 3010 2426 3008 2426 2944 2439 2926 2426 2923 2426 2920 2426 2726 2426 2723 2426 2721 2426 2718 2426 2680 2455 2570 2437 2567 2437 2565 2437 2516 2455 2439 2434 2437 2434 2434 2434 2432 2434 2360 2462 2360 2465 2155 2465 2152 2465 2122 2449 2119 2449 2117 2449 2114 2449 2063 2465 2060 2465 2058 2465 1963 2432 1960 2432 1958 2432 1955 2432 1832 2465 1786 2434 1784 2434 1781 2434 1633 2434 1630 2434 1628 2434 1625 2434 1576 2465 1543 2442 1541 2442 1538 2442 1536 2442 1533 2442 1436 2467 1433 2470 1323 2470 1323 2526 1323 2560"/></Shape>
	    <String CONTENT=" articles 435 du code de procédure civile, 27 et 42 du secret du onze juin 1809"
                    HPOS="1323"
                    VPOS="2426"
                    WIDTH="2340"
                    HEIGHT="139"></String>
          </TextLine>

          
          
          <TextLine ID="r5l27"
                    
                    BASELINE="1341 2640 1458 2642 1575 2643 1692 2643 1810 2643 1927 2641 2044 2639 2161 2636 2279 2633 2396 2630 2513 2627 2630 2625 2748 2622 2865 2619 2982 2618 3099 2617 3217 2616 3334 2618 3451 2619 3568 2622 3686 2625" 
                    HPOS="1336"
                    VPOS="2547"
                    WIDTH="2347"
                    HEIGHT="143">
            <Shape><Polygon POINTS="1338 2639 1338 2685 1461 2657 1523 2685 1536 2690 1538 2690 1541 2690 1917 2688 1920 2688 1922 2688 1930 2682 1973 2652 1991 2664 1994 2664 1996 2664 1999 2664 2068 2652 2142 2659 2188 2680 2204 2685 2206 2685 2209 2688 2347 2688 2347 2685 2350 2685 2365 2677 2419 2649 2641 2639 2690 2657 2693 2657 2695 2657 2775 2644 2800 2662 2803 2662 2805 2662 2808 2662 2944 2639 3028 2652 3031 2654 3031 2652 3115 2639 3197 2662 3200 2662 3202 2662 3205 2662 3207 2662 3248 2634 3584 2634 3678 2667 3683 2624 3681 2575 3609 2547 3607 2547 3604 2547 3601 2547 3496 2575 3348 2547 3345 2547 3343 2547 3340 2547 3289 2577 3092 2577 3038 2549 3036 2549 2931 2549 2928 2549 2926 2549 2849 2580 2846 2580 2736 2565 2734 2565 2731 2565 2677 2580 2572 2552 2570 2552 2567 2552 2565 2552 2501 2583 2498 2583 2439 2554 2437 2554 2337 2554 2334 2554 2332 2554 2245 2583 2242 2583 2048 2557 2045 2557 2042 2557 2040 2557 1999 2585 1994 2588 1840 2588 1838 2585 1756 2557 1753 2557 1751 2557 1748 2557 1745 2557 1707 2585 1702 2590 1520 2590 1515 2588 1466 2560 1464 2560 1400 2560 1397 2560 1395 2560 1336 2585 1338 2639"/></Shape>
	    <String CONTENT=" pour signifier au défendeur le présent jugement, commet Potin, l’un "
                    HPOS="1336"
                    VPOS="2547"
                    WIDTH="2347"
                    HEIGHT="143"></String>
          </TextLine>

          
          
          <TextLine ID="r5l28"
                    
                    BASELINE="1356 2757 1471 2758 1586 2759 1701 2757 1816 2756 1931 2754 2046 2751 2162 2748 2277 2745 2392 2742 2507 2739 2622 2735 2737 2732 2852 2730 2968 2727 3083 2726 3198 2725 3313 2726 3428 2726 3543 2729 3659 2732" 
                    HPOS="1351"
                    VPOS="2652"
                    WIDTH="2307"
                    HEIGHT="143">
            <Shape><Polygon POINTS="1354 2754 1354 2795 1638 2775 1681 2792 1684 2792 1687 2795 1792 2795 1792 2792 1799 2792 1899 2769 2060 2769 2101 2790 2104 2790 2106 2790 2109 2790 2124 2787 2298 2762 2360 2775 2362 2775 2421 2762 2455 2785 2457 2785 2460 2785 2462 2787 2629 2787 2629 2785 2631 2785 2634 2785 2634 2782 2688 2752 2880 2764 2882 2764 2885 2764 2931 2749 3028 2772 3031 2772 3033 2772 3059 2759 3097 2780 3100 2780 3102 2780 3105 2780 3112 2780 3246 2746 3374 2764 3376 2764 3379 2764 3430 2744 3548 2744 3591 2772 3594 2772 3596 2772 3599 2775 3658 2775 3658 2731 3655 2672 3571 2652 3394 2652 3392 2652 3389 2652 3335 2675 3317 2685 3297 2677 3266 2662 3264 2662 3261 2662 3202 2670 3151 2654 3148 2654 3146 2654 3143 2654 3141 2654 3125 2667 3010 2662 3008 2662 3005 2662 2933 2680 2892 2659 2890 2659 2887 2659 2885 2659 2836 2677 2785 2659 2782 2659 2780 2659 2777 2659 2721 2685 2708 2693 2506 2693 2483 2688 2391 2667 2388 2667 2385 2667 2344 2690 2332 2698 2081 2698 2071 2695 2017 2670 2014 2670 2012 2670 2009 2670 1950 2695 1945 2698 1943 2695 1927 2685 1925 2685 1922 2685 1920 2685 1917 2685 1914 2685 1899 2698 1894 2700 1671 2700 1669 2700 1643 2682 1640 2682 1638 2682 1507 2672 1505 2672 1351 2703 1354 2754"/></Shape>
	    <String CONTENT="de ses huissiers audienciers. Ainsi jugé les jour moi et ans que dessus."
                    HPOS="1351"
                    VPOS="2652"
                    WIDTH="2307"
                    HEIGHT="143"></String>
          </TextLine>

          
        </TextBlock>
        
      </PrintSpace>
    </Page>
  </Layout>
</alto>
