4608 3072
1464 913 2096 134 jupon de deux francs ; qu’en outre elle lui a fourni des copeaux

1456 1008 2099 144 pour une somme de cinq francs ; qu’elle lui est zinc redevable de

1474 1103 2099 159 la somme de trois francs. Le Bureau Particulier fut d’avis que

1464 1216 2086 135 la dame Balles ne pouvant justifier de la perte du linge, et

1456 1326 2117 125 reconnaissant que les copeaux ont été donnés et non vendus il y avait

1472 1418 2119 148 lieu par les époux Balles à payer la somme de six francs pour salaire.

1438 1520 2158 149 La dame Balles ayant déclaré ne vouloir payer cette somme la cause

1454 1635 2137 136 fut renvoyée devant le Bureau Général du dit Conseil séant le vendredi

1459 1743 2127 128 cinq février mil huit cent cinquante huit. Cités à pour le dit jour cinq

1459 1845 2137 144 février les époux Balles ne comparurent pas. A l’appel de la cause les

1456 1958 2133 110 époux Couvreur se présentèrent et conclurent à ce ce qu’il plut au Bureau

1464 2050 1567 123 Général du dit conseil donner défaut contre les époux

3054 2060 542 113 autoriser la dame

1477 2155 2124 131 Balles à entrer en justice faute par son mari de l’avoir fait ; donner

1461 2275 2143 118 défaut contre les époux Balles non comparants ni personne pour eux

1438 2373 2169 143 quoique dument appelés ; et pour le profit les condamner à leur payer

1425 2488 2179 120 avec intérêts suivant la loi la somme de dix francs qu’ils leur doivent

1425 2585 2184 159 pour prix de travaux faits par la dame Couvreur pour leur comptes et

1448 2703 2174 141 d’après leurs ordres, plus une indemnité pour le préjudice qu’il

1423 2808 2201 182 ont causé en leur faisant perdre du temps devant les Bureaux du
