3072 4608
871 337 1974 242 pouvait sur la demande qu'il entendait former contre les deux premiers en paiement

844 437 1982 223 de la somme de cinq cent francs pour inéxécution de Conventions verbales d'apprentissage

848 529 1982 208 et contre Bois en possibilité du paiement de cette somme pour avoir attiré chez

837 610 1985 219 lui l'apprenti Legouge, l'avoir détourné de ses devoirs et enfin reçu chez lui

833 702 1989 215 en qualité d'ouvrier ou d'apprenti quoique le sachant lié par des conventions

817 783 1978 211 verbales. La dame veuve Legouge et Legouge auguste n'ayant pas comparu

821 887 2028 218 régulièrement la cause fut renvoyée devant le Bureau Général dudit Conseil

829 975 2008 215 Séant le vendredi quatre Juin mil huit cent cinquante huit. Cités pour le dit

821 1071 2005 196 jour quatre juin les défendeurs Comparurent, Auguste Legouge tant en son

814 1163 1977 184 nom personnel que comme mandataire de la veuve Legouge, sa mère.

829 1255 2016 204 A l'appel de la cause Siégard se présenta et exposa au Conseil que suivant

794 1340 2047 211 conventions verbales intervenues entre lui et la veuve Legouge et son fils auguste

802 1436 2028 199 en Décembre mil huit cent cinquante cinq il a consenti à recevoir le mineur

791 1536 2050 207 Eugène Legouge comme apprenti, à le garder pendant quatre années à partir

798 1628 2039 203 du jour de son entrée, à le nourrir et loger pendant toute la durée de l'apprentissage

775 1716 2074 215 Que depuis plus de six mois le mineur Legouge menaçait de le quitter pour

798 1820 2032 192 entrer chez Bois qui lui promettait des appointements ; que par lettre en date de

787 1916 2054 192 fevrier mil huit Cent Cinquante huit il donna avis à Bois que l'apprenti étant

779 2015 2066 189 chez lui pour quatre années qui ne devaient expirer qu'en Décembre mil huit Cent

783 2112 2054 188 Cinquante neuf il avait le plus grand tort de chercher à le détourner de ses

779 2204 2070 199 devoirs, lui rappelant que la loi sur l'apprentissage interdit l'emploi de semblables

756 2307 2085 181 manœuvres ; que loin de tenir compte de cet avertissement Bois entretint

756 2403 2093 181 l'apprenti dans ses idées d'instabilité, l'engagea à entrer chez lui promettant

771 2503 2074 188 des appointements ; qu'en effet l'apprenti a quitté ses ateliers dans les premiers

760 2603 2100 173 jours de mai dernier, s'est rendu au domicile de Bois qui le reçut et l'emp

764 2711 2081 153 depuis ce jour ; Par ces motifs et attendu que cette rupture des conventions

733 2795 2116 200 Verbales d'apprentissage lui cause un préjudice grave et que les défendeurs lui

748 2914 2101 165 en doivent la réparation ; Dire a Il conclut à ce qu'il plut au Bureau

733 3006 2100 181 Général dudit conseil dire que dans le jour du jugement à intervenir

733 3110 2112 173 les Conventions verbales intervenues entre lui et la veuve et Louge et

733 3202 2070 173 son fil auguste en Décembre mil huit cent Cinquante Cinq sont et doivent être

733 3298 2116 177 résolues ; Condamner solidairement la veuve Legouge et auguste Legouge

733 3398 2123 173 à lui payer avec intérêts suivant la loi la sommme de Cinq cents francs à titre

718 3498 2150 165 d'indemnité ; Dis a que Bois sera passible envers lui du paiement de

729 3605 2112 158 cette somme et condamner les défendeurs solidairement aux Dépens .

737 3701 2104 162 De son coté Legouge Auguste, agissant tant en son nom personnel que

714 3801 2139 150 comme mandataire de la veuve Legouge, sa mère, se présenta et exposa

718 3905 2119 150 au Conseil que les conventions verbales intervenues en Décembre mil

695 4001 2158 157 huit Cent Cinquante cinq établissaient que l' apprenti entrerait chez Siégard

702 4097 2158 165 le huit Janvier suivant pour deux années, la nourriture, le logement et

695 4193 2050 246 dix francs par mois s'il ne ferait que la place ; Que si en lui apprenait
