4608 3072
1548 2 2007 133 envers la demanderesse à la somme de un franc Vingt centimes

1559 81 1986 157 et à celle de soixante quinze centimes envers le Trésor Public p

1543 184 2012 138 le papier timbré de la présente minute, conformément à la da

1553 276 2010 151 du sept Août mil huit cent Cinquante, ence, non compi

1561 384 1994 135 le cout du présent jugement, la signification d'icelui et

1541 465 1909 177 ses suites. Ainsi jugé les jour mois et an que dessus.

2273 1336 839 146 Dudit jour dix huit Juin

1543 1431 2025 140 Entre Monsieur Jacques Weltzer, demeurant à la Chapelle

1523 1528 2027 138 Saint Denis, rue de Jessaint, numéro vingt trois, Et

1530 1628 2025 135 Monsieur Bernard Quivriez, demeurant à La villette pr

1538 1730 2035 136 Paris, passage Bender, numéro six, Ouvriers fileurs associés,

1525 1807 2035 146 Demandeurs ; Comparant ; D'une part ; Et Messieurs

1538 1907 2025 156 Ritaud, Fleury et compagnie, Filateurs, demeurant et domicil

1520 2012 2038 135 à Gravelle près saint Maurice, commune de Charenton ;

1518 2104 2032 166 Défendeurs ; Comparant par le sieur Fleury, l'un d'eux ;
