3072 4608
725 188 2147 149 Condamne en outre aux dépens taxés et liquidés envers le

718 280 2142 153 demandeur à la somme de deux francs soixante seize centimes

714 380 2150 149 et à celle de un franc quarante Cinq centimes envers le Trésor Public

702 479 2170 154 pour le papier timbré de la présente minute, le papier timbré en

744 579 2128 142 l'enregistrement de la citation, conformément à la loi du sept

729 675 2131 154 Août mil huit cent cinquante ence, non compris le cout du présent

771 771 2062 154 jugement, la signification d'icelui et ses suites. Et vu

718 875 2146 154 les articles 435 du code de procédure civile ; 27 et 42 du

725 979 2158 138 décret du onze juin 1809 pour signifier à la défenderesse

718 1079 2165 138 le présent jugement, commet Potin, un de ses huissiers

721 1175 2109 207 audienciers. Ainsi jugé les jour mois et an que dessus.

1443 2115 722 154 Dudit jour onze Juin

744 2211 2197 142 Entre Madame Marie Tonnesson, ouvrière Lingère, épouse assistée

741 2327 2192 153 et autorisée du sieur Sébastien Masson, et ce dernier, demeurants

733 2430 2196 135 ensemble, les dits époux, à Paris, rue de Bourbon villeneuve

702 2526 2216 131 numéro vingt six ; Demandeurs ; Comparant ; D'une part ;

721 2634 2197 150 Et Monsieur Wolff, chemisier, demeurant et domicilié à

725 2737 2120 135 Paris, rue neuve saint Eustache, numéro Trente Cinq

721 2841 2212 146 Défendeur ; Défaillant ; D'autre part ; Point de fait

733 2945 2219 150 Par lettres du secrétaire du Conseil de Prud'hommes du Département

718 3045 2238 146 de la Seine pour l'industrie des tissus en dates des Vendredi quatre et samedi

725 3141 2243 165 cinq juin mil huit cent cinquante huit les époux Masson firent citer

741 3256 2227 127 Wolff à comparaître par devant ledit conseil de Prud'hommes séant

721 3359 2247 154 en Bureaux Particuliers les samedi cinq et lundi sept juin mil huit

714 3467 2262 127 Cent cinquante huit pour se concilier si faire se pouvait sur la demande

721 3571 2258 149 qu'ils entendaient former contre lui devant le dit Conseil en paiement de

729 3674 2235 142 la somme de dix sept francs cinquante Centimes qu'il leur doit pour prix

718 3774 2242 146 de travaux faits par la dame Masson pour son compte et d'après ses

744 3878 2185 134 ordres. Wolff n'ayant pas comparu la cause fut renvoyée devant le

721 3982 2251 146 Bureau Général dudit Conseil séant le vendredi onze Juillet mil

744 4081 2216 146 huit cent Cinquante huit. Cité pour ledit jour onze juin par lettres

744 4181 2216 150 du secrétaire du Conseil en dates du Lundi sept juin mil huit Cent

741 4285 2235 200 Cinquante huit Wolff ne comparant pas. A l'appel de la cause
