<?xml version="1.0" encoding="UTF-8"?>
<alto xmlns:xsi="http://www.w3.org/2001/XMLSchema-instance"
      xmlns="http://www.loc.gov/standards/alto/ns-v4#"
      xsi:schemaLocation="http://www.loc.gov/standards/alto/ns-v4# http://www.loc.gov/standards/alto/v4/alto-4-2.xsd">
  <Description>
    <MeasurementUnit>pixel</MeasurementUnit>
    <sourceImageInformation>
      <fileName>PH 1858-14.jpg</fileName>
      
    </sourceImageInformation>
  </Description>
  
  <Tags>
    <OtherTag ID="BT4" LABEL="Illustration" DESCRIPTION="block type Illustration"/><OtherTag ID="BT3" LABEL="Commentary" DESCRIPTION="block type Commentary"/><OtherTag ID="BT2" LABEL="Main" DESCRIPTION="block type Main"/><OtherTag ID="BT1" LABEL="Title" DESCRIPTION="block type Title"/>
    
  </Tags>
  
  <Layout>
    <Page WIDTH="3072"
          HEIGHT="4608"
          PHYSICAL_IMG_NR="16"
          ID="eSc_dummypage_">
      <PrintSpace HPOS="0"
                  VPOS="0"
                  WIDTH="3072"
                  HEIGHT="4608">
        

        
        <TextBlock ID="eSc_dummyblock_">
          
          
          <TextLine ID="r1l1"
                    
                    BASELINE="575 368 674 366 773 364 872 360 971 357 1070 353 1169 348 1268 344 1367 339 1466 335 1565 331 1664 326 1763 323 1862 320 1961 318 2060 317 2159 317 2258 318 2357 321 2456 324 2555 330" 
                    HPOS="568"
                    VPOS="199"
                    WIDTH="1985"
                    HEIGHT="192">
            <Shape><Polygon POINTS="572 364 572 391 1205 364 1332 380 1355 380 1359 380 1363 380 1367 376 1405 357 1428 372 1432 372 1436 372 1440 372 1570 353 1908 364 1912 364 1916 364 1958 345 2069 364 2081 364 2085 364 2088 364 2092 364 2158 341 2549 353 2553 326 2549 234 2434 199 2430 199 2373 199 2369 199 2365 199 2361 199 2361 203 2319 241 2246 211 2242 211 2238 211 2234 211 2231 211 2177 245 2085 245 2081 245 1958 207 1954 207 1950 207 1850 211 1847 211 1843 211 1843 215 1804 249 1804 253 1743 253 1731 253 1578 215 1574 215 1570 215 1566 215 1566 218 1528 257 1509 257 1159 222 1155 222 1152 222 1086 253 1067 234 1067 230 1063 230 1059 230 971 230 967 230 963 230 959 230 917 264 898 249 898 245 894 245 890 245 887 245 883 245 879 245 852 268 848 272 568 272 572 364"/></Shape>
	    <String CONTENT="deux cent francs à titre d’indemnité pour cause d’inexécution de "
                    HPOS="568"
                    VPOS="199"
                    WIDTH="1985"
                    HEIGHT="192"></String>
          </TextLine>

          
          
          <TextLine ID="r1l3"
                    
                    BASELINE="548 458 651 457 754 456 857 453 960 450 1064 447 1167 442 1270 438 1373 434 1476 429 1580 425 1683 422 1786 419 1889 416 1992 414 2096 414 2199 415 2302 417 2405 421 2508 427 2612 435" 
                    HPOS="541"
                    VPOS="318"
                    WIDTH="2070"
                    HEIGHT="161">
            <Shape><Polygon POINTS="2307 318 2269 318 2254 318 2104 353 2039 318 2035 318 2031 318 1870 357 1816 322 1812 322 1808 322 1770 322 1731 326 1704 326 1678 349 1601 326 1578 330 1551 330 1509 353 1466 334 1463 334 1451 334 1409 357 1286 357 1271 341 1236 341 1221 360 844 368 737 368 733 368 721 364 695 364 656 368 618 368 579 368 576 360 541 368 545 456 545 479 2280 441 2607 460 2611 433 2607 353 2307 318 2307 318"/></Shape>
	    <String CONTENT="Convention verbale d’apprentissage ; Dire Lavoisier et les époux"
                    HPOS="541"
                    VPOS="318"
                    WIDTH="2070"
                    HEIGHT="161"></String>
          </TextLine>

          
          
          <TextLine ID="r1l4"
                    
                    BASELINE="545 554 648 552 751 549 854 546 957 543 1061 539 1164 536 1267 531 1370 527 1473 523 1577 519 1680 516 1783 513 1886 512 1989 510 2093 510 2196 512 2299 515 2402 519 2505 524 2609 533" 
                    HPOS="537"
                    VPOS="418"
                    WIDTH="2070"
                    HEIGHT="161">
            <Shape><Polygon POINTS="2572 433 2534 430 2503 426 2338 445 2296 418 2292 418 2288 418 2284 418 2146 437 2104 422 2100 422 2096 422 2092 422 2046 449 2027 430 2027 426 2023 426 2019 426 1916 422 1912 422 1770 449 1708 426 1704 426 1701 426 1582 449 1374 433 1344 437 1305 437 1286 437 1259 456 1236 437 1228 441 1190 441 1152 445 1132 445 1025 464 875 464 871 464 852 453 844 453 806 453 768 453 675 464 672 464 660 456 652 456 614 460 576 460 572 456 537 464 541 552 541 579 921 556 1182 572 1186 572 1401 545 1551 545 1574 564 1578 564 1582 564 1585 564 1589 564 1635 541 1916 564 1919 564 1923 564 1981 533 2300 533 2599 556 2607 529 2603 441 2584 433 2572 433"/></Shape>
	    <String CONTENT="Eudeline responsables de la dite somme, le premier comme s’étant "
                    HPOS="537"
                    VPOS="418"
                    WIDTH="2070"
                    HEIGHT="161"></String>
          </TextLine>

          
          
          <TextLine ID="r1l5"
                    
                    BASELINE="548 650 651 648 754 647 857 644 960 639 1063 635 1166 631 1269 626 1372 622 1475 617 1578 614 1681 611 1784 608 1887 606 1990 605 2093 605 2196 607 2299 611 2402 616 2505 623 2609 632" 
                    HPOS="541"
                    VPOS="518"
                    WIDTH="2066"
                    HEIGHT="157">
            <Shape><Polygon POINTS="2423 522 2384 518 2300 541 1877 518 1873 518 1870 518 1774 545 1747 522 1743 522 1739 522 1735 522 1601 545 1539 522 1536 522 1532 522 1409 549 1378 526 1347 529 1332 529 1282 545 1244 529 1232 533 1201 533 1182 552 1144 537 1117 537 1102 537 1082 556 959 556 944 541 925 545 887 545 848 549 810 549 771 549 733 549 706 549 541 560 545 648 545 675 2196 629 2603 660 2607 629 2603 545 2465 545 2430 522 2423 522"/></Shape>
	    <String CONTENT="porté fort pour la dame veuve Baucher et les époux Eudeline "
                    HPOS="541"
                    VPOS="518"
                    WIDTH="2066"
                    HEIGHT="157"></String>
          </TextLine>

          
          
          <TextLine ID="r1l6"
                    
                    BASELINE="551 740 653 738 755 737 857 733 960 730 1062 726 1164 723 1267 719 1369 715 1471 711 1574 708 1676 705 1778 704 1880 702 1983 702 2085 702 2187 704 2290 707 2392 711 2494 717 2597 726" 
                    HPOS="545"
                    VPOS="610"
                    WIDTH="2050"
                    HEIGHT="150">
            <Shape><Polygon POINTS="2350 614 2311 614 2273 610 2234 610 2196 610 1989 610 1985 610 1981 610 1916 633 1777 614 1774 614 1770 614 1651 652 1532 614 1528 614 1524 614 1520 614 1516 614 1486 637 1466 622 1463 622 1459 622 1367 618 1351 622 1313 625 1274 625 1251 625 1240 645 1167 629 1159 633 1121 633 1082 633 1063 633 1013 656 1009 660 545 660 549 737 549 760 1639 729 1862 748 1866 748 1973 725 2588 748 2595 725 2592 652 2472 652 2384 614 2350 614"/></Shape>
	    <String CONTENT="pour avoir reçu l’apprentie sans qu’elle ai justifié de son acquis"
                    HPOS="545"
                    VPOS="610"
                    WIDTH="2050"
                    HEIGHT="150"></String>
          </TextLine>

          
          
          <TextLine ID="r1l7"
                    
                    BASELINE="552 830 654 830 756 830 858 828 960 825 1062 822 1164 819 1267 816 1369 813 1471 809 1573 807 1675 804 1777 801 1879 800 1982 800 2084 800 2186 803 2288 805 2390 810 2492 816 2595 824" 
                    HPOS="545"
                    VPOS="706"
                    WIDTH="2047"
                    HEIGHT="150">
            <Shape><Polygon POINTS="2542 721 2522 718 2492 733 2461 714 2426 714 2400 714 2284 737 2250 710 2250 706 2246 706 2242 706 2234 706 2196 706 1896 706 1893 706 1889 706 1835 729 1820 714 1820 710 1816 710 1812 710 1808 710 1804 710 1800 710 1770 733 1585 706 1582 706 1570 706 1532 741 1528 744 1213 744 1209 741 1190 721 1159 725 1155 725 1136 737 1117 725 1082 725 1075 725 1059 741 1056 744 545 744 549 829 549 856 1351 852 1355 852 1393 833 1486 852 1493 852 1497 852 1501 852 1585 829 2584 844 2592 821 2588 733 2565 721 2542 721"/></Shape>
	    <String CONTENT=" d’apprentissage et les condamner solidairement aux dépens. De son "
                    HPOS="545"
                    VPOS="706"
                    WIDTH="2047"
                    HEIGHT="150"></String>
          </TextLine>

          
          
          <TextLine ID="r1l8"
                    
                    BASELINE="551 926 652 926 754 926 856 924 957 922 1059 920 1161 917 1262 914 1364 911 1466 908 1568 905 1669 902 1771 900 1873 899 1974 897 2076 897 2178 899 2279 900 2381 903 2483 908 2585 914" 
                    HPOS="545"
                    VPOS="810"
                    WIDTH="2039"
                    HEIGHT="142">
            <Shape><Polygon POINTS="1236 817 1217 817 1140 840 1136 840 1059 821 1044 825 1013 825 998 840 998 844 898 844 821 844 775 829 775 829 737 833 698 833 687 833 668 840 645 833 622 833 583 833 564 829 545 837 549 925 549 952 1927 925 2576 940 2584 913 2580 837 2419 814 2415 814 2411 814 2407 814 2392 829 2373 814 2373 810 2369 810 2365 810 2361 810 2357 810 2353 810 2311 833 2150 833 2108 810 2104 810 2100 810 2096 810 2092 810 2065 833 1927 810 1923 810 1785 837 1785 840 1758 840 1493 840 1416 814 1413 814 1409 814 1405 814 1359 837 1251 814 1236 817"/></Shape>
	    <String CONTENT="coté la dame veuve Baucher, ès nom qu’elle agit, se présenta et "
                    HPOS="545"
                    VPOS="810"
                    WIDTH="2039"
                    HEIGHT="142"></String>
          </TextLine>

          
          
          <TextLine ID="r1l9"
                    
                    BASELINE="552 1017 654 1019 756 1019 858 1017 961 1016 1063 1014 1165 1011 1268 1008 1370 1005 1472 1002 1575 999 1677 996 1779 995 1881 993 1984 992 2086 992 2188 993 2291 996 2393 1000 2495 1007 2598 1014" 
                    HPOS="545"
                    VPOS="902"
                    WIDTH="2050"
                    HEIGHT="134">
            <Shape><Polygon POINTS="2296 902 2188 925 2158 933 2150 925 2127 906 2127 902 2123 902 2119 902 2115 902 2112 902 2035 925 2015 933 2008 925 1977 902 1973 902 1969 902 1850 902 1812 902 1774 902 1735 902 1697 902 1658 902 1651 902 1647 902 1643 902 1570 929 1566 929 1559 929 1440 906 1428 910 1390 910 1363 910 1313 929 1301 933 1259 929 1102 917 1082 917 1044 921 1006 921 979 921 967 933 967 936 549 936 549 1013 545 1032 1025 1021 2588 1036 2595 1013 2592 925 2300 902 2296 902"/></Shape>
	    <String CONTENT="conclut à ce qu’il plut au Bureau Général et du dit Conseil attendu "
                    HPOS="545"
                    VPOS="902"
                    WIDTH="2050"
                    HEIGHT="134"></String>
          </TextLine>

          
          
          <TextLine ID="r1l10"
                    
                    BASELINE="543 1112 646 1112 749 1112 852 1112 955 1110 1058 1108 1161 1106 1264 1103 1367 1100 1470 1098 1573 1095 1676 1092 1779 1091 1882 1091 1985 1089 2088 1091 2191 1092 2294 1095 2397 1099 2500 1106 2604 1112" 
                    HPOS="537"
                    VPOS="998"
                    WIDTH="2066"
                    HEIGHT="154">
            <Shape><Polygon POINTS="2353 998 2350 998 2342 998 2304 998 2215 998 2211 998 2208 998 2204 998 2173 1025 2104 998 2100 998 2096 998 1643 1029 1624 1029 1593 1002 1593 998 1589 998 1585 998 1582 998 1578 998 1528 1017 1367 1002 1344 1006 1305 1006 1286 1006 1274 1017 1240 1006 1228 1009 1190 1009 1152 1013 1113 1013 1075 1013 952 1029 933 1029 929 1029 913 1017 887 1017 848 1017 814 1017 779 1029 771 1029 764 1029 744 1017 733 1021 695 1021 687 1029 683 1029 541 1029 541 1109 537 1144 695 1128 764 1144 768 1144 771 1144 775 1144 837 1121 921 1148 925 1148 929 1148 940 1148 1094 1128 1240 1148 1259 1148 1263 1148 1267 1148 1271 1148 1355 1121 1470 1121 1497 1144 1497 1148 1501 1148 1505 1148 1509 1152 1727 1152 1727 1148 1731 1148 1735 1148 1739 1144 1781 1121 2023 1121 2058 1144 2062 1148 2065 1148 2069 1148 2073 1148 2077 1148 2088 1144 2142 1121 2330 1121 2353 1144 2357 1144 2357 1148 2361 1148 2365 1148 2369 1148 2373 1148 2376 1148 2380 1144 2407 1125 2430 1144 2434 1148 2438 1148 2442 1148 2446 1148 2599 1140 2603 1109 2599 1032 2388 1032 2388 1029 2357 1002 2357 998 2353 998"/></Shape>
	    <String CONTENT="qu’elle n’a pas replacé sa fille chez les époux Eudeline ; attendu aussi "
                    HPOS="537"
                    VPOS="998"
                    WIDTH="2066"
                    HEIGHT="154"></String>
          </TextLine>

          
          
          <TextLine ID="r1l11"
                    
                    BASELINE="546 1211 648 1211 751 1211 854 1209 957 1208 1059 1206 1162 1205 1265 1202 1368 1200 1470 1198 1573 1196 1676 1194 1779 1194 1881 1193 1984 1194 2087 1194 2190 1196 2292 1199 2395 1203 2498 1208 2601 1214" 
                    HPOS="541"
                    VPOS="1105"
                    WIDTH="2058"
                    HEIGHT="127">
            <Shape><Polygon POINTS="2538 1109 2522 1109 2496 1125 2480 1132 2392 1125 2277 1113 2273 1113 2200 1125 2154 1132 2119 1125 2035 1105 1770 1105 1766 1105 1762 1105 1758 1105 1731 1125 1720 1136 1524 1136 1516 1128 1497 1109 1497 1105 1493 1105 1489 1105 1413 1105 1409 1105 1405 1105 1401 1105 1401 1109 1382 1128 1374 1132 1309 1128 1079 1109 1075 1109 944 1128 917 1132 913 1128 890 1113 887 1113 848 1113 810 1113 771 1113 737 1113 698 1113 672 1113 545 1128 545 1209 541 1228 2592 1232 2599 1213 2599 1125 2553 1109 2538 1109"/></Shape>
	    <String CONTENT="qu’elle offre de la faire rentrer chez la demoiselle Bourguignon et de "
                    HPOS="541"
                    VPOS="1105"
                    WIDTH="2058"
                    HEIGHT="127"></String>
          </TextLine>

          
          
          <TextLine ID="r1l12"
                    
                    BASELINE="549 1307 651 1307 754 1307 857 1307 960 1305 1062 1304 1165 1302 1268 1301 1371 1299 1473 1298 1576 1296 1679 1295 1782 1295 1884 1293 1987 1293 2090 1295 2193 1296 2295 1299 2398 1302 2501 1306 2604 1311" 
                    HPOS="541"
                    VPOS="1194"
                    WIDTH="2062"
                    HEIGHT="146">
            <Shape><Polygon POINTS="2307 1201 2288 1198 2250 1217 2231 1198 2192 1198 2154 1194 2115 1194 2077 1194 2039 1194 2000 1194 1962 1194 1923 1194 1916 1194 1912 1194 1908 1194 1904 1194 1866 1224 1862 1228 1793 1228 1793 1224 1724 1194 1720 1194 1716 1194 1712 1194 1708 1194 1670 1217 1501 1198 1501 1198 1463 1198 1447 1198 1320 1224 1309 1224 1294 1224 1113 1205 1079 1205 1048 1205 1002 1224 998 1224 994 1224 959 1209 925 1209 887 1209 863 1209 814 1224 810 1224 806 1224 783 1209 775 1209 737 1213 714 1213 710 1217 691 1213 660 1213 622 1213 587 1213 545 1221 545 1305 541 1328 1040 1320 1090 1336 1102 1340 1105 1340 1109 1340 1136 1336 1232 1320 1420 1336 1463 1340 1466 1340 1486 1336 1589 1317 2031 1317 2058 1340 2062 1340 2065 1340 2069 1340 2073 1340 2077 1340 2135 1317 2161 1340 2165 1340 2169 1340 2173 1340 2184 1340 2369 1320 2595 1340 2603 1309 2599 1228 2350 1228 2350 1224 2323 1201 2307 1201"/></Shape>
	    <String CONTENT="rendre à la fin de son apprentissage le temps qu’elle a perdu par son "
                    HPOS="541"
                    VPOS="1194"
                    WIDTH="2062"
                    HEIGHT="146"></String>
          </TextLine>

          
          
          <TextLine ID="r1l13"
                    
                    BASELINE="537 1404 646 1404 755 1403 865 1403 974 1401 1084 1400 1193 1398 1302 1395 1412 1394 1521 1392 1631 1392 1740 1391 1850 1391 1959 1391 2068 1392 2178 1394 2287 1397 2397 1400 2506 1405 2616 1410" 
                    HPOS="529"
                    VPOS="1297"
                    WIDTH="2086"
                    HEIGHT="143">
            <Shape><Polygon POINTS="1466 1297 1440 1324 1432 1328 1413 1324 1336 1301 1301 1301 1263 1301 1224 1301 1186 1301 1148 1305 1128 1305 1098 1320 1094 1320 1071 1305 1032 1305 1009 1305 952 1317 890 1305 879 1305 840 1309 821 1309 810 1317 806 1320 802 1317 791 1309 764 1309 737 1309 721 1317 695 1328 533 1317 533 1401 529 1416 1209 1413 1332 1428 1370 1432 1374 1432 1378 1432 1393 1428 1455 1413 1605 1432 1662 1436 1666 1436 1731 1432 1896 1416 1981 1432 2000 1436 2004 1436 2008 1436 2012 1436 2012 1432 2039 1416 2311 1416 2330 1432 2330 1436 2334 1436 2338 1436 2342 1440 2611 1440 2615 1409 2611 1336 2169 1336 2165 1328 2138 1305 2138 1301 2135 1301 2131 1301 1727 1301 1724 1301 1720 1301 1647 1324 1620 1332 1539 1332 1528 1324 1489 1297 1466 1297"/></Shape>
	    <String CONTENT="absence. Par ces motifs déclarer la demoiselle Bourguigon non "
                    HPOS="529"
                    VPOS="1297"
                    WIDTH="2086"
                    HEIGHT="143"></String>
          </TextLine>

          
          
          <TextLine ID="r1l14"
                    
                    BASELINE="534 1494 636 1494 739 1493 841 1493 944 1491 1047 1491 1149 1491 1252 1490 1354 1490 1457 1488 1560 1488 1662 1488 1765 1488 1867 1488 1970 1490 2073 1490 2175 1491 2278 1493 2380 1496 2483 1499 2586 1502" 
                    HPOS="529"
                    VPOS="1397"
                    WIDTH="2055"
                    HEIGHT="123">
            <Shape><Polygon POINTS="2319 1397 2315 1397 2311 1397 2307 1397 2250 1424 2227 1401 2227 1397 2223 1397 2219 1397 2184 1397 2062 1397 2058 1397 2054 1397 2004 1424 2000 1424 1996 1424 1923 1397 1919 1397 1916 1397 1912 1397 1858 1420 1847 1428 1839 1420 1804 1397 1800 1397 1797 1397 1793 1397 1662 1420 1608 1428 1585 1420 1532 1397 1528 1397 1524 1397 1520 1397 1482 1416 1466 1428 1301 1428 1278 1416 1236 1397 1224 1397 1186 1401 1148 1401 1117 1401 1094 1413 1075 1424 1048 1413 1017 1401 994 1401 956 1401 948 1401 887 1413 867 1413 844 1409 810 1405 802 1405 764 1405 725 1405 721 1405 714 1409 687 1424 533 1409 533 1493 529 1516 2576 1520 2584 1501 2580 1432 2353 1432 2350 1428 2323 1401 2323 1397 2319 1397"/></Shape>
	    <String CONTENT="recevable en sa demander en indemnité et la condamner aux "
                    HPOS="529"
                    VPOS="1397"
                    WIDTH="2055"
                    HEIGHT="123"></String>
          </TextLine>

          
          
          <TextLine ID="r1l15"
                    
                    BASELINE="539 1587 642 1589 745 1589 849 1589 952 1589 1056 1589 1159 1587 1262 1586 1366 1586 1469 1584 1573 1584 1676 1583 1779 1583 1883 1583 1986 1584 2090 1586 2193 1589 2296 1592 2400 1596 2503 1602 2607 1610" 
                    HPOS="533"
                    VPOS="1489"
                    WIDTH="2070"
                    HEIGHT="150">
            <Shape><Polygon POINTS="2227 1493 2208 1493 2161 1516 2161 1520 1985 1520 1981 1516 1919 1489 1919 1489 1881 1489 1843 1489 1804 1489 1766 1489 1727 1489 1689 1489 1651 1489 1612 1489 1574 1489 1559 1489 1539 1509 1432 1489 1420 1489 1382 1489 1363 1489 1328 1509 1324 1509 1320 1509 1267 1493 1228 1493 1190 1493 1171 1493 1163 1497 1140 1493 1113 1493 1075 1493 1036 1493 1025 1493 1013 1505 1009 1509 902 1509 898 1505 883 1493 883 1493 844 1493 806 1493 768 1493 729 1493 691 1493 652 1493 614 1497 583 1497 537 1497 537 1585 533 1616 802 1597 956 1620 959 1620 1658 1608 1712 1631 1716 1631 1720 1631 1724 1631 1727 1631 1731 1631 1816 1605 1954 1608 1977 1631 1977 1635 1981 1635 1985 1635 1989 1635 1992 1635 2004 1631 2081 1608 2135 1628 2138 1628 2142 1631 2142 1628 2146 1628 2200 1608 2280 1635 2284 1635 2288 1635 2292 1639 2599 1639 2603 1608 2599 1524 2288 1516 2238 1493 2227 1493"/></Shape>
	    <String CONTENT="dépens. Point de droit – Devait-on condamner la veuve Baucher "
                    HPOS="533"
                    VPOS="1489"
                    WIDTH="2070"
                    HEIGHT="150"></String>
          </TextLine>

          
          
          <TextLine ID="r1l16"
                    
                    BASELINE="545 1686 648 1688 751 1689 855 1691 958 1691 1062 1691 1165 1689 1268 1689 1372 1688 1475 1688 1579 1687 1682 1686 1785 1686 1889 1686 1992 1688 2096 1689 2199 1691 2302 1694 2406 1698 2509 1703 2613 1709" 
                    HPOS="537"
                    VPOS="1589"
                    WIDTH="2074"
                    HEIGHT="150">
            <Shape><Polygon POINTS="1224 1589 1221 1589 1217 1589 1190 1612 1186 1616 1171 1612 1056 1589 1052 1589 1048 1589 983 1612 967 1620 952 1612 902 1589 887 1589 879 1589 852 1612 852 1616 541 1616 541 1685 537 1712 1228 1708 1309 1724 1328 1727 1332 1727 1367 1727 1574 1704 1697 1724 1701 1724 1935 1712 1996 1731 2012 1735 2015 1735 2019 1735 2023 1735 2035 1731 2088 1712 2254 1712 2269 1735 2273 1735 2273 1739 2277 1739 2280 1739 2284 1739 2607 1735 2611 1708 2603 1612 2530 1635 2296 1612 2177 1601 2173 1601 2119 1612 2035 1631 2008 1612 1992 1601 1989 1601 1985 1601 1835 1597 1831 1597 1827 1597 1823 1597 1808 1612 1785 1631 1597 1631 1520 1628 1509 1612 1489 1597 1489 1593 1486 1593 1482 1593 1478 1593 1474 1593 1424 1612 1397 1624 1390 1612 1374 1601 1374 1597 1370 1597 1367 1597 1228 1589 1224 1589"/></Shape>
	    <String CONTENT="à payer à la demoiselle Bourguignon la somme de deux cent francs "
                    HPOS="537"
                    VPOS="1589"
                    WIDTH="2074"
                    HEIGHT="150"></String>
          </TextLine>

          
          
          <TextLine ID="r1l17"
                    
                    BASELINE="540 1781 643 1782 747 1784 850 1785 954 1785 1057 1785 1161 1785 1264 1785 1368 1785 1471 1785 1575 1784 1678 1784 1782 1785 1885 1785 1989 1785 2092 1787 2196 1788 2299 1791 2403 1794 2506 1797 2610 1802" 
                    HPOS="533"
                    VPOS="1689"
                    WIDTH="2074"
                    HEIGHT="138">
            <Shape><Polygon POINTS="2261 1693 2238 1693 2200 1712 2169 1689 2165 1689 2161 1689 2158 1689 2154 1689 2088 1712 2085 1712 2073 1712 1877 1689 1843 1689 1816 1689 1712 1704 1612 1689 1612 1689 1574 1689 1536 1689 1497 1689 1489 1689 1347 1704 1332 1704 1317 1704 1228 1689 1228 1689 1190 1689 1152 1689 1113 1689 1075 1689 1036 1693 998 1693 994 1693 933 1697 913 1693 883 1693 844 1689 806 1689 771 1689 744 1697 741 1697 718 1689 691 1689 652 1689 614 1689 576 1689 537 1693 537 1777 533 1804 2599 1827 2607 1800 2603 1720 2284 1720 2284 1716 2265 1693 2261 1693"/></Shape>
	    <String CONTENT="à titre d’indemnité pour cause d’inexécution de convention "
                    HPOS="533"
                    VPOS="1689"
                    WIDTH="2074"
                    HEIGHT="138"></String>
          </TextLine>

          
          
          <TextLine ID="r1l18"
                    
                    BASELINE="528 1872 632 1877 737 1880 841 1883 946 1884 1050 1886 1155 1887 1259 1887 1364 1887 1468 1887 1573 1887 1678 1887 1782 1887 1887 1887 1991 1889 2096 1890 2200 1892 2305 1895 2409 1898 2514 1902 2619 1907" 
                    HPOS="522"
                    VPOS="1781"
                    WIDTH="2096"
                    HEIGHT="154">
            <Shape><Polygon POINTS="2161 1789 2158 1789 2154 1789 2150 1789 2096 1808 2042 1789 2039 1789 2035 1789 2031 1789 1973 1808 1950 1816 1931 1808 1858 1785 1854 1785 1850 1785 1754 1808 1731 1812 1727 1808 1704 1785 1678 1785 1662 1785 1520 1804 1482 1808 1474 1804 1451 1785 1447 1785 1409 1785 1382 1785 1278 1800 1244 1804 1228 1800 1186 1785 1178 1785 1140 1785 1102 1785 1090 1785 1032 1797 1013 1800 998 1797 956 1785 948 1785 910 1785 871 1785 863 1785 844 1797 840 1797 829 1797 787 1785 756 1785 718 1785 679 1785 641 1785 637 1781 526 1789 526 1870 522 1896 2611 1935 2618 1904 2618 1820 2288 1793 2284 1793 2280 1793 2219 1812 2200 1820 2192 1812 2165 1789 2161 1789"/></Shape>
	    <String CONTENT="verbale d’apprentissage ; Dire Lavoisier et les époux Edeline"
                    HPOS="522"
                    VPOS="1781"
                    WIDTH="2096"
                    HEIGHT="154"></String>
          </TextLine>

          
          
          <TextLine ID="r1l19"
                    
                    BASELINE="534 1967 637 1971 741 1974 844 1976 948 1979 1051 1980 1155 1982 1258 1983 1362 1984 1465 1985 1569 1986 1672 1986 1776 1988 1879 1989 1983 1989 2086 1991 2190 1992 2293 1995 2397 1998 2500 2001 2604 2004" 
                    HPOS="529"
                    VPOS="1873"
                    WIDTH="2074"
                    HEIGHT="162">
            <Shape><Polygon POINTS="1378 1889 1351 1889 1305 1896 1251 1908 1232 1896 1217 1889 1186 1889 1148 1889 1140 1889 1090 1896 1032 1904 1013 1896 990 1885 956 1885 917 1885 879 1885 840 1885 802 1881 787 1881 775 1893 768 1900 744 1893 695 1877 687 1877 648 1877 645 1873 533 1889 533 1966 529 1996 2595 2035 2603 2000 2595 1912 2373 1927 2215 1927 2169 1904 2146 1896 2142 1896 2138 1896 2135 1896 2096 1904 2039 1919 1973 1904 1943 1896 1939 1896 1935 1896 1931 1896 1916 1904 1889 1916 1808 1904 1762 1896 1758 1896 1655 1900 1459 1912 1420 1900 1390 1889 1378 1889"/></Shape>
	    <String CONTENT="responsable de la dite somme pour les motifs énoncés par la "
                    HPOS="529"
                    VPOS="1873"
                    WIDTH="2074"
                    HEIGHT="162"></String>
          </TextLine>

          
          
          <TextLine ID="r1l20"
                    
                    BASELINE="528 2066 632 2069 736 2070 840 2073 945 2075 1049 2076 1153 2078 1257 2079 1362 2081 1466 2082 1570 2084 1674 2085 1779 2087 1883 2088 1987 2090 2091 2091 2196 2094 2300 2096 2404 2099 2508 2102 2613 2105" 
                    HPOS="522"
                    VPOS="1966"
                    WIDTH="2089"
                    HEIGHT="172">
            <Shape><Polygon POINTS="1294 1985 1263 1985 1236 1989 1178 2000 1167 1989 1163 1981 1140 1981 1132 1981 1121 1985 1090 1996 1006 1981 986 1981 948 1981 913 1977 798 2004 760 1977 756 1977 718 1973 602 2000 529 1966 526 2065 522 2104 1539 2104 1578 2123 1582 2123 1585 2123 1589 2123 1616 2123 1777 2108 1816 2127 1820 2127 1823 2127 1827 2127 1847 2127 1985 2112 2603 2138 2611 2104 2611 2039 2488 2039 2480 2031 2446 2008 2442 2008 2438 2008 2434 2008 2430 2008 2426 2008 2392 2031 2384 2031 2096 2031 2085 2019 2065 2000 2065 1996 2062 1996 2058 1996 1989 1992 1870 1992 1866 1992 1862 1992 1858 1992 1858 1996 1843 2012 1827 2023 1774 2008 1731 1996 1727 1996 1724 1996 1720 1996 1693 2004 1651 2019 1620 2004 1612 1996 1608 1996 1605 1996 1601 1996 1547 2000 1393 2015 1332 1992 1309 1985 1294 1985"/></Shape>
	    <String CONTENT="demanderesse ? Ou bien devait-on sur l’offre  que fait  la dame "
                    HPOS="522"
                    VPOS="1966"
                    WIDTH="2089"
                    HEIGHT="172"></String>
          </TextLine>

          
          
          <TextLine ID="r1l21"
                    
                    BASELINE="527 2163 630 2166 734 2169 838 2172 942 2174 1046 2175 1150 2177 1253 2178 1357 2180 1461 2181 1565 2183 1669 2184 1773 2186 1877 2187 1980 2189 2084 2190 2188 2193 2292 2196 2396 2198 2500 2202 2604 2207" 
                    HPOS="522"
                    VPOS="2073"
                    WIDTH="2081"
                    HEIGHT="158">
            <Shape><Polygon POINTS="2031 2092 2027 2092 2023 2092 1989 2119 1858 2092 1854 2092 1850 2092 1789 2115 1777 2119 1762 2115 1662 2085 1658 2085 1655 2085 1443 2104 1382 2085 1378 2085 1374 2085 1370 2085 1313 2104 1282 2112 871 2104 860 2092 840 2073 833 2073 810 2073 737 2088 691 2096 526 2085 526 2161 522 2192 2595 2231 2603 2204 2599 2138 2396 2100 2392 2100 2250 2127 2227 2131 2196 2127 2035 2092 2031 2092"/></Shape>
	    <String CONTENT="veuve Baucher de faire rentrer sa fille et de remplacer à la fin de "
                    HPOS="522"
                    VPOS="2073"
                    WIDTH="2081"
                    HEIGHT="158"></String>
          </TextLine>

          
          
          <TextLine ID="r1l22"
                    
                    BASELINE="524 2256 633 2259 742 2262 852 2264 961 2267 1071 2269 1180 2271 1289 2273 1399 2276 1508 2277 1618 2280 1727 2282 1837 2285 1946 2288 2055 2289 2165 2292 2274 2296 2384 2300 2493 2303 2603 2307" 
                    HPOS="518"
                    VPOS="2165"
                    WIDTH="2081"
                    HEIGHT="173">
            <Shape><Polygon POINTS="1643 2184 1578 2200 1528 2211 1512 2196 1505 2192 1505 2188 1501 2188 1497 2188 1493 2188 1432 2196 1351 2208 1336 2192 1317 2181 1290 2181 1251 2181 1213 2177 1175 2177 1136 2177 1098 2177 1059 2177 1021 2177 983 2177 975 2177 963 2188 948 2200 871 2200 852 2184 829 2169 829 2169 798 2169 783 2184 771 2192 725 2184 652 2169 637 2169 599 2165 595 2165 522 2177 522 2254 518 2300 871 2288 902 2311 906 2315 910 2315 913 2315 917 2315 940 2311 1021 2300 1109 2315 1136 2319 1140 2319 1144 2319 1152 2315 1198 2296 1217 2315 1217 2319 1221 2319 1224 2319 1228 2319 1232 2319 1236 2319 1282 2296 1324 2315 1328 2315 1332 2315 1459 2296 1662 2323 1689 2327 1693 2327 1697 2327 1704 2327 1785 2304 2592 2338 2599 2304 2599 2219 2526 2208 2522 2208 2519 2208 2496 2215 2442 2234 2400 2215 2376 2204 2373 2204 2369 2204 2365 2204 2338 2211 2280 2231 2219 2211 2196 2204 2192 2204 2188 2204 2184 2204 2181 2204 2173 2211 2138 2227 2042 2227 2000 2208 1966 2192 1962 2192 1958 2192 1900 2204 1831 2219 1739 2200 1647 2184 1643 2184"/></Shape>
	    <String CONTENT="l’apprentissage le temps perdu par son absence déclarer la demoiselle"
                    HPOS="518"
                    VPOS="2165"
                    WIDTH="2081"
                    HEIGHT="173"></String>
          </TextLine>

          
          
          <TextLine ID="r1l23"
                    
                    BASELINE="518 2358 621 2360 725 2361 829 2363 933 2366 1037 2368 1140 2371 1244 2373 1348 2376 1452 2379 1556 2381 1659 2384 1763 2387 1867 2388 1971 2391 2075 2394 2178 2396 2282 2399 2386 2400 2490 2402 2594 2403" 
                    HPOS="510"
                    VPOS="2261"
                    WIDTH="2082"
                    HEIGHT="165">
            <Shape><Polygon POINTS="2327 2296 2323 2296 2273 2311 2223 2327 2131 2307 2115 2307 2112 2307 2108 2307 2104 2307 2062 2323 2046 2307 2027 2292 2027 2288 2023 2288 2019 2288 2015 2288 1912 2304 1889 2307 1877 2304 1831 2284 1820 2284 1785 2304 1758 2315 1704 2300 1643 2284 1639 2284 1635 2284 1570 2300 1516 2311 1489 2296 1459 2277 1455 2277 1451 2277 1447 2277 1351 2296 1282 2307 1251 2292 1209 2273 1205 2273 1201 2273 1198 2273 1155 2292 1125 2304 959 2304 929 2288 887 2265 883 2265 879 2265 875 2265 829 2284 798 2296 633 2296 622 2280 602 2265 602 2261 599 2261 595 2261 591 2261 514 2277 514 2357 510 2388 2584 2426 2592 2400 2592 2319 2330 2296 2327 2296"/></Shape>
	    <String CONTENT="Bourguignon recevable en sa demande ? Que devait-on statuer "
                    HPOS="510"
                    VPOS="2261"
                    WIDTH="2082"
                    HEIGHT="165"></String>
          </TextLine>

          
          
          <TextLine ID="r1l24"
                    
                    BASELINE="503 2448 608 2453 713 2457 818 2462 923 2465 1029 2469 1134 2472 1239 2475 1344 2478 1449 2480 1555 2483 1660 2485 1765 2487 1870 2490 1975 2493 2081 2495 2186 2498 2291 2501 2396 2504 2501 2507 2607 2510" 
                    HPOS="495"
                    VPOS="2357"
                    WIDTH="2108"
                    HEIGHT="169">
            <Shape><Polygon POINTS="2434 2403 2430 2403 2426 2403 2419 2403 2400 2403 2204 2423 2138 2396 2131 2396 2127 2396 2123 2396 2112 2396 2108 2396 1996 2415 1850 2392 1827 2388 1804 2388 1785 2388 1754 2400 1674 2384 1651 2384 1620 2384 1589 2403 1524 2380 1516 2380 1512 2380 1509 2380 1505 2380 1501 2380 1455 2400 1416 2380 1413 2380 1409 2380 1301 2396 1240 2376 1236 2376 1232 2376 1044 2388 1029 2369 998 2369 975 2369 910 2384 883 2365 844 2365 771 2380 756 2361 729 2361 691 2361 687 2361 606 2373 499 2357 499 2446 495 2465 2595 2526 2603 2507 2599 2411 2472 2430 2438 2403 2434 2403"/></Shape>
	    <String CONTENT="à l’égard des dépens ? Après avoir entendu le parties en leur demandes "
                    HPOS="495"
                    VPOS="2357"
                    WIDTH="2108"
                    HEIGHT="169"></String>
          </TextLine>

          
          
          <TextLine ID="r1l25"
                    
                    BASELINE="501 2544 605 2549 710 2553 814 2558 919 2562 1023 2565 1128 2569 1232 2573 1337 2575 1441 2579 1546 2582 1651 2584 1755 2586 1860 2589 1964 2591 2069 2594 2173 2596 2278 2598 2382 2600 2487 2601 2592 2603" 
                    HPOS="495"
                    VPOS="2453"
                    WIDTH="2097"
                    HEIGHT="181">
            <Shape><Polygon POINTS="2419 2507 2411 2503 2365 2503 2361 2503 2357 2503 2353 2503 2342 2511 2311 2530 2173 2530 2100 2507 2050 2496 2035 2496 2015 2496 1992 2507 1966 2519 1881 2503 1774 2488 1766 2488 1727 2488 1689 2488 1681 2484 1455 2499 1332 2503 1301 2496 1251 2480 1248 2480 1244 2480 1148 2492 1121 2496 1105 2492 1025 2465 1002 2465 936 2488 925 2492 771 2492 760 2488 633 2453 629 2453 625 2453 499 2480 499 2542 495 2568 1889 2626 1893 2626 2123 2615 2165 2634 2169 2634 2173 2634 2588 2622 2592 2599 2592 2519 2419 2507 2419 2507"/></Shape>
	    <String CONTENT="et conclusions respectivement et en avoir délibéré conformément à la loi ; "
                    HPOS="495"
                    VPOS="2453"
                    WIDTH="2097"
                    HEIGHT="181"></String>
          </TextLine>

          
          
          <TextLine ID="r1l26"
                    
                    BASELINE="503 2637 607 2642 712 2648 817 2651 921 2655 1026 2658 1131 2663 1235 2666 1340 2669 1445 2672 1550 2675 1654 2678 1759 2681 1864 2684 1968 2687 2073 2690 2178 2693 2282 2697 2387 2700 2492 2704 2597 2708" 
                    HPOS="495"
                    VPOS="2545"
                    WIDTH="2100"
                    HEIGHT="189">
            <Shape><Polygon POINTS="1616 2584 1612 2584 1566 2592 1493 2603 1355 2580 1328 2576 1305 2576 1267 2576 1228 2576 1190 2572 1152 2572 840 2580 821 2565 821 2561 817 2561 814 2561 622 2549 614 2549 595 2545 560 2545 537 2545 499 2545 499 2634 495 2668 2588 2734 2595 2707 2592 2641 2376 2607 2373 2607 2231 2622 2192 2626 2181 2618 2154 2599 2150 2599 2146 2599 2142 2599 2138 2599 2085 2615 2073 2618 2062 2615 2015 2595 2012 2595 2008 2595 2004 2595 1962 2611 1939 2618 1927 2607 1916 2599 1912 2599 1908 2599 1904 2599 1831 2603 1727 2611 1666 2595 1620 2584 1616 2584"/></Shape>
	    <String CONTENT="Attendu que la demoiselle Bourguignon ne peut être à exiger "
                    HPOS="495"
                    VPOS="2545"
                    WIDTH="2100"
                    HEIGHT="189"></String>
          </TextLine>

          
          
          <TextLine ID="r1l27"
                    
                    BASELINE="501 2739 605 2743 710 2747 814 2751 919 2755 1024 2759 1128 2763 1233 2767 1338 2771 1442 2774 1547 2778 1652 2781 1756 2785 1861 2788 1966 2790 2070 2793 2175 2796 2280 2799 2384 2802 2489 2804 2594 2805" 
                    HPOS="499"
                    VPOS="2645"
                    WIDTH="2093"
                    HEIGHT="196">
            <Shape><Polygon POINTS="1478 2672 1413 2688 1363 2699 1313 2684 1244 2664 1228 2664 1155 2684 1121 2691 1109 2680 1090 2664 1090 2661 1086 2661 1082 2661 1079 2661 1075 2661 1002 2680 983 2684 971 2680 929 2657 925 2657 921 2657 817 2676 814 2676 810 2676 748 2649 744 2649 741 2649 737 2649 698 2664 599 2645 595 2645 591 2645 587 2645 556 2672 552 2672 499 2672 499 2737 499 2784 560 2764 687 2764 710 2787 710 2791 714 2791 718 2791 721 2791 733 2791 860 2772 1198 2803 1278 2810 1282 2810 1286 2810 1297 2807 1336 2791 1443 2810 1451 2810 1455 2810 1463 2810 1670 2799 1716 2818 1735 2826 1739 2826 1743 2826 1747 2826 1770 2822 1820 2807 1954 2826 2019 2833 2231 2841 2234 2841 2238 2841 2254 2833 2288 2818 2584 2841 2592 2803 2588 2711 2449 2730 2092 2703 2088 2703 1873 2714 1858 2695 1854 2691 1850 2691 1850 2688 1847 2688 1843 2688 1839 2688 1835 2688 1831 2688 1823 2695 1793 2711 1658 2711 1574 2691 1482 2672 1478 2672"/></Shape>
	    <String CONTENT="une indemnité que dans le cas ou la veuve Baucher s’opposerait à "
                    HPOS="499"
                    VPOS="2645"
                    WIDTH="2093"
                    HEIGHT="196"></String>
          </TextLine>

          
          
          <TextLine ID="r1l28"
                    
                    BASELINE="498 2834 603 2838 708 2843 813 2848 918 2852 1023 2856 1128 2861 1233 2865 1338 2868 1443 2873 1548 2876 1653 2880 1758 2883 1863 2886 1968 2889 2073 2892 2178 2895 2283 2898 2388 2902 2493 2904 2598 2907" 
                    HPOS="491"
                    VPOS="2745"
                    WIDTH="2104"
                    HEIGHT="188">
            <Shape><Polygon POINTS="2250 2799 2246 2799 2242 2799 2238 2799 2238 2803 2227 2810 2208 2826 2092 2826 1900 2803 1716 2784 1685 2784 1647 2780 1628 2780 1582 2795 1551 2803 1486 2791 1367 2772 1340 2772 1317 2768 1163 2784 1105 2787 1090 2784 1040 2760 1032 2760 994 2757 956 2757 917 2757 879 2753 848 2776 840 2776 668 2745 648 2745 622 2745 495 2764 495 2833 491 2860 1816 2922 1820 2922 2012 2910 2019 2910 2031 2926 2035 2926 2035 2929 2039 2929 2042 2929 2046 2929 2123 2914 2150 2933 2154 2933 2158 2933 2161 2933 2592 2926 2595 2906 2592 2822 2469 2833 2430 2814 2400 2803 2396 2803 2392 2803 2388 2803 2361 2814 2327 2830 2284 2810 2254 2799 2250 2799"/></Shape>
	    <String CONTENT="l’exécution de l’apprentissage de sa fille ; attendu qu’elle offre au "
                    HPOS="491"
                    VPOS="2745"
                    WIDTH="2104"
                    HEIGHT="188"></String>
          </TextLine>

          
          
          <TextLine ID="r1l29"
                    
                    BASELINE="480 2933 585 2937 691 2940 797 2945 902 2948 1008 2952 1114 2957 1219 2960 1325 2964 1431 2967 1537 2972 1642 2975 1748 2979 1854 2982 1959 2985 2065 2989 2171 2993 2276 2996 2382 2999 2488 3003 2594 3006" 
                    HPOS="476"
                    VPOS="2837"
                    WIDTH="2116"
                    HEIGHT="196">
            <Shape><Polygon POINTS="2015 2891 1989 2891 1973 2895 1927 2910 1900 2895 1889 2887 1862 2887 1835 2883 1678 2891 1493 2895 1470 2883 1451 2876 1440 2876 1413 2872 1397 2883 1390 2887 1351 2880 1274 2868 1271 2868 1194 2876 1140 2883 1071 2876 929 2849 902 2849 829 2868 806 2872 775 2868 656 2841 652 2841 648 2841 645 2841 618 2860 587 2837 583 2837 579 2837 576 2837 479 2856 479 2929 476 2972 637 2979 641 2979 645 2979 648 2979 687 2960 702 2979 706 2979 706 2983 710 2983 714 2983 718 2983 721 2983 729 2979 771 2964 1194 2995 1370 3006 1374 3006 1443 3002 1578 2991 1605 3006 1612 3014 1616 3014 1620 3014 1624 3014 1628 3014 1647 3006 1678 2999 1747 3010 1812 3022 2584 3033 2592 3002 2584 2914 2376 2926 2273 2903 2238 2899 2234 2899 2208 2903 2138 2918 2062 2899 2031 2891 2015 2891"/></Shape>
	    <String CONTENT="contraire de la laisser continuer cet apprentissage et de rendre à la fin "
                    HPOS="476"
                    VPOS="2837"
                    WIDTH="2116"
                    HEIGHT="196"></String>
          </TextLine>

          
          
          <TextLine ID="r1l30"
                    
                    BASELINE="504 3026 609 3030 714 3035 819 3039 924 3044 1029 3048 1134 3053 1240 3058 1345 3062 1450 3067 1555 3071 1660 3075 1765 3079 1870 3083 1976 3086 2081 3089 2186 3092 2291 3094 2396 3096 2501 3098 2607 3098" 
                    HPOS="499"
                    VPOS="2937"
                    WIDTH="2104"
                    HEIGHT="196">
            <Shape><Polygon POINTS="2499 3006 2472 3002 2430 3022 2426 3025 2426 3022 2400 2999 2384 2999 2353 2999 2227 3014 2184 3018 1858 3010 1831 2995 1797 2979 1770 2979 1762 2976 1685 2991 1624 2999 1608 2987 1597 2976 1593 2976 1589 2976 1585 2976 1582 2976 1578 2976 1566 2983 1555 2995 1493 2979 1432 2968 1428 2968 1424 2968 1420 2968 1409 2976 1393 2991 1363 2976 1336 2960 1317 2960 1267 2972 1209 2983 1190 2968 1182 2960 1155 2960 1144 2960 1121 2964 1056 2976 1029 2960 1013 2949 1002 2949 921 2956 856 2960 817 2949 794 2941 771 2941 752 2949 714 2960 679 2945 664 2937 656 2937 652 2937 641 2941 595 2964 506 2937 503 3025 499 3048 737 3083 741 3083 840 3064 852 3064 875 3064 1094 3095 1098 3095 1102 3095 1167 3079 1175 3075 1178 3079 1190 3095 1194 3095 1194 3098 1198 3098 1201 3098 1205 3098 1282 3083 1301 3079 1332 3083 1451 3106 1455 3106 1624 3095 1666 3095 1708 3098 1835 3118 1839 3118 1843 3118 1877 3106 1896 3098 1912 3106 1931 3121 1935 3121 1939 3121 2595 3133 2603 3095 2603 3033 2542 3033 2538 3029 2511 3006 2499 3006"/></Shape>
	    <String CONTENT="du dit le temps qu’elle a perdu depuis le quinze novembre dernier ; "
                    HPOS="499"
                    VPOS="2937"
                    WIDTH="2104"
                    HEIGHT="196"></String>
          </TextLine>

          
          
          <TextLine ID="r1l31"
                    
                    BASELINE="513 3126 617 3131 722 3135 827 3138 932 3143 1037 3148 1141 3153 1246 3158 1351 3163 1456 3168 1561 3173 1665 3177 1770 3182 1875 3186 1980 3189 2085 3192 2189 3195 2294 3198 2399 3200 2504 3201 2609 3201" 
                    HPOS="506"
                    VPOS="3037"
                    WIDTH="2101"
                    HEIGHT="203">
            <Shape><Polygon POINTS="2534 3098 2530 3098 2526 3098 2400 3125 2338 3095 2315 3095 2307 3095 2219 3121 2215 3121 2204 3121 1939 3083 1931 3083 1893 3083 1866 3079 1793 3106 1720 3075 1701 3075 1689 3075 1662 3098 1516 3098 1478 3098 1478 3095 1455 3064 1432 3064 1424 3064 1344 3091 1305 3060 1278 3060 1263 3060 1125 3083 1121 3083 1117 3083 1009 3045 1006 3045 971 3045 933 3045 898 3041 883 3041 856 3041 817 3041 783 3037 764 3037 760 3037 756 3037 679 3064 637 3037 633 3037 629 3037 625 3037 510 3060 510 3125 506 3144 921 3160 933 3168 990 3187 994 3187 998 3187 1002 3187 1052 3171 1059 3171 1071 3171 1186 3194 1190 3194 1194 3194 1224 3179 1236 3175 1248 3179 1286 3198 1290 3198 1294 3198 1470 3191 1574 3187 1597 3198 1628 3210 1631 3210 2599 3240 2607 3198 2603 3137 2565 3137 2565 3133 2542 3102 2538 3102 2538 3098 2534 3098"/></Shape>
	    <String CONTENT="attendu que la demoiselle Bourguignon s’oppose formellement "
                    HPOS="506"
                    VPOS="3037"
                    WIDTH="2101"
                    HEIGHT="203"></String>
          </TextLine>

          
          
          <TextLine ID="r1l32"
                    
                    BASELINE="494 3222 598 3226 702 3230 807 3234 911 3239 1016 3245 1120 3250 1224 3255 1329 3261 1433 3267 1538 3272 1642 3277 1746 3281 1851 3287 1955 3291 2060 3294 2164 3297 2268 3300 2373 3302 2477 3302 2582 3302" 
                    HPOS="487"
                    VPOS="3137"
                    WIDTH="2093"
                    HEIGHT="207">
            <Shape><Polygon POINTS="2469 3202 2465 3202 2461 3202 2457 3202 2453 3202 2442 3214 2411 3237 2280 3237 2254 3210 2250 3206 2250 3202 2246 3202 2242 3202 2238 3202 2234 3202 2231 3202 2223 3206 2192 3229 2165 3210 2161 3210 2158 3210 2154 3210 2058 3225 1989 3202 1943 3187 1912 3187 1893 3198 1858 3217 1658 3214 1643 3194 1624 3175 1605 3175 1566 3175 1528 3171 1489 3171 1463 3168 1413 3187 1405 3191 1382 3187 1217 3156 1213 3156 1102 3175 1079 3156 1079 3152 1075 3152 1071 3152 1067 3152 959 3179 933 3183 910 3175 802 3141 798 3141 794 3141 791 3141 695 3171 691 3171 637 3137 633 3137 629 3137 625 3137 491 3164 491 3221 487 3263 963 3263 986 3275 1009 3294 1013 3294 1017 3294 1021 3294 1025 3294 1063 3279 1090 3267 1217 3267 1297 3287 1428 3310 1432 3310 1612 3294 1635 3294 1639 3294 1685 3317 1689 3317 1693 3317 1697 3317 1743 3302 2438 3344 2442 3344 2576 3321 2580 3298 2576 3217 2515 3229 2488 3214 2472 3202 2469 3202"/></Shape>
	    <String CONTENT="à la rentrée chez elle de l’apprentie ; que dans l’espèce d’inexécution "
                    HPOS="487"
                    VPOS="3137"
                    WIDTH="2093"
                    HEIGHT="207"></String>
          </TextLine>

          
          
          <TextLine ID="r1l33"
                    
                    BASELINE="497 3315 602 3319 707 3324 813 3329 918 3335 1024 3341 1129 3347 1235 3353 1340 3359 1446 3365 1551 3371 1656 3376 1762 3380 1867 3386 1973 3389 2078 3393 2184 3396 2289 3398 2395 3399 2500 3399 2606 3398" 
                    HPOS="491"
                    VPOS="3233"
                    WIDTH="2112"
                    HEIGHT="203">
            <Shape><Polygon POINTS="1804 3283 1800 3283 1797 3283 1793 3283 1793 3287 1762 3313 1724 3287 1720 3287 1716 3287 1712 3287 1605 3310 1555 3275 1551 3275 1547 3275 1543 3275 1413 3302 1255 3263 1251 3263 1248 3263 1098 3279 1071 3260 1067 3260 1063 3260 1059 3260 1056 3260 1017 3279 956 3252 952 3252 798 3248 794 3248 791 3248 733 3267 495 3233 495 3313 491 3356 887 3356 990 3375 1048 3386 1052 3386 1056 3386 1086 3379 1132 3367 1186 3383 1232 3394 1236 3394 1240 3394 1297 3386 1340 3379 1374 3386 1428 3402 1432 3402 1436 3402 1440 3402 1474 3390 1493 3383 1505 3390 1520 3406 1524 3406 1528 3406 1532 3406 1743 3398 1781 3398 1823 3402 2108 3429 2112 3429 2115 3429 2165 3409 2169 3409 2181 3409 2300 3436 2304 3436 2599 3421 2603 3394 2595 3313 2446 3340 2311 3340 2277 3313 2273 3313 2269 3313 2265 3313 2100 3329 1904 3325 1808 3283 1804 3283"/></Shape>
	    <String CONTENT="de la convention verbale du quinze mars dernier ne provient plus "
                    HPOS="491"
                    VPOS="3233"
                    WIDTH="2112"
                    HEIGHT="203"></String>
          </TextLine>

          
          
          <TextLine ID="r1l34"
                    
                    BASELINE="512 3410 616 3414 720 3419 824 3423 928 3429 1032 3435 1136 3440 1240 3447 1344 3452 1448 3458 1553 3464 1657 3469 1761 3474 1865 3480 1969 3485 2073 3488 2177 3492 2281 3495 2385 3498 2489 3500 2594 3500" 
                    HPOS="506"
                    VPOS="3329"
                    WIDTH="2086"
                    HEIGHT="215">
            <Shape><Polygon POINTS="2123 3394 2108 3394 2054 3409 2008 3394 2000 3390 1996 3390 1992 3390 1973 3390 1896 3402 1885 3386 1881 3383 1854 3383 1827 3383 1789 3386 1693 3394 1639 3379 1620 3371 1585 3371 1566 3371 1543 3379 1509 3386 1436 3375 1363 3359 1355 3359 1040 3359 883 3359 879 3356 867 3340 863 3340 863 3336 860 3336 856 3336 852 3336 848 3336 798 3352 783 3356 768 3352 695 3329 691 3329 687 3329 510 3340 510 3409 506 3429 806 3463 810 3463 944 3452 1048 3486 1052 3486 1056 3486 1059 3486 1063 3486 1098 3463 1159 3482 1163 3482 1167 3482 1428 3479 1501 3505 1505 3505 1509 3505 1896 3498 2046 3528 2415 3544 2419 3544 2588 3517 2592 3498 2588 3413 2507 3429 2396 3406 2373 3402 2369 3402 2342 3402 2234 3417 2173 3398 2158 3394 2123 3394"/></Shape>
	    <String CONTENT="du fait de la dame veuve Baucher ; qu’il n’y a lieu, dès lors, à lui "
                    HPOS="506"
                    VPOS="3329"
                    WIDTH="2086"
                    HEIGHT="215"></String>
          </TextLine>

          
          
          <TextLine ID="r1l35"
                    
                    BASELINE="486 3506 591 3512 697 3518 803 3524 908 3530 1014 3536 1120 3542 1225 3549 1331 3555 1437 3561 1543 3566 1648 3571 1754 3576 1860 3581 1965 3585 2071 3588 2177 3591 2282 3593 2388 3594 2494 3596 2600 3596" 
                    HPOS="483"
                    VPOS="3429"
                    WIDTH="2116"
                    HEIGHT="211">
            <Shape><Polygon POINTS="2019 3486 1981 3486 1943 3482 1904 3482 1866 3482 1835 3479 1820 3486 1785 3498 1724 3482 1685 3471 1674 3471 1639 3467 1624 3475 1578 3498 1390 3494 1344 3463 1340 3459 1336 3459 1332 3459 1328 3459 1305 3463 1201 3482 1071 3452 998 3436 483 3429 483 3505 487 3555 514 3536 683 3540 702 3559 702 3563 706 3563 710 3563 714 3563 718 3563 721 3563 756 3544 887 3567 921 3571 925 3571 944 3567 1009 3555 1036 3571 1059 3582 1063 3582 1067 3582 1071 3582 1094 3575 1121 3563 1163 3575 1217 3590 1221 3590 1224 3590 1378 3582 1451 3578 1505 3586 1678 3613 2323 3640 2327 3640 2595 3617 2599 3594 2599 3521 2058 3521 2039 3494 2027 3486 2019 3486"/></Shape>
	    <String CONTENT="faire payer une indemnité. Sur ces motifs – Le Bureau Général "
                    HPOS="483"
                    VPOS="3429"
                    WIDTH="2116"
                    HEIGHT="211"></String>
          </TextLine>

          
          
          <TextLine ID="r1l36"
                    
                    BASELINE="489 3602 595 3609 701 3615 807 3621 913 3627 1019 3634 1125 3640 1231 3647 1337 3654 1443 3660 1549 3666 1655 3672 1761 3677 1867 3684 1973 3688 2079 3693 2185 3696 2291 3701 2397 3703 2503 3705 2610 3707" 
                    HPOS="483"
                    VPOS="3525"
                    WIDTH="2124"
                    HEIGHT="207">
            <Shape><Polygon POINTS="1520 3563 1516 3563 1486 3563 1447 3563 1409 3559 1382 3555 1355 3555 1332 3555 1309 3551 1274 3551 1271 3551 1267 3551 1263 3551 1263 3555 1255 3559 1236 3578 1102 3551 1048 3544 1044 3544 1040 3544 1025 3548 967 3567 867 3544 837 3536 833 3536 810 3540 744 3555 706 3536 683 3525 679 3525 675 3525 487 3525 487 3601 483 3644 2603 3732 2607 3705 2603 3617 2423 3632 2400 3613 2400 3609 2396 3609 2392 3609 2388 3609 2384 3609 2330 3628 2311 3605 2307 3605 2307 3601 2304 3601 2300 3601 2234 3601 2231 3601 2227 3601 2146 3624 2012 3598 2008 3598 1689 3601 1639 3575 1635 3571 1631 3571 1628 3571 1624 3571 1620 3571 1605 3575 1555 3586 1532 3571 1524 3563 1520 3563"/></Shape>
	    <String CONTENT="jugeant en premier ressort  - Dis la convention verbale d’apprentissage "
                    HPOS="483"
                    VPOS="3525"
                    WIDTH="2124"
                    HEIGHT="207"></String>
          </TextLine>

          
          
          <TextLine ID="r1l37"
                    
                    BASELINE="471 3705 577 3710 684 3714 790 3720 897 3726 1004 3732 1110 3739 1217 3745 1323 3752 1430 3758 1537 3766 1643 3773 1750 3779 1856 3785 1963 3789 2070 3794 2176 3798 2283 3801 2389 3804 2496 3806 2603 3806" 
                    HPOS="464"
                    VPOS="3609"
                    WIDTH="2135"
                    HEIGHT="246">
            <Shape><Polygon POINTS="2273 3697 2261 3697 2257 3701 2219 3720 2104 3694 2081 3694 2042 3690 2015 3690 2008 3694 1962 3713 1751 3705 1662 3682 1608 3667 1582 3667 1547 3663 1516 3678 1493 3686 1486 3674 1470 3663 1466 3663 1436 3659 1390 3674 1367 3678 1347 3671 1305 3655 1301 3655 1297 3655 1294 3655 1290 3655 1267 3671 1251 3678 1221 3667 1155 3644 1152 3644 1148 3644 1144 3644 1090 3663 1082 3667 1079 3663 1056 3644 1056 3640 1052 3640 1048 3640 948 3632 944 3632 940 3632 883 3655 879 3659 875 3655 837 3624 833 3624 829 3624 825 3624 675 3640 541 3609 537 3609 533 3609 468 3636 468 3701 464 3728 618 3732 625 3740 652 3763 656 3763 660 3763 664 3763 752 3747 783 3743 1013 3755 1021 3763 1044 3782 1048 3782 1052 3782 1056 3782 1282 3778 1405 3778 1589 3797 1808 3820 1812 3820 1896 3816 2042 3805 2238 3836 2273 3839 2277 3839 2280 3839 2288 3839 2361 3820 2592 3855 2599 3805 2599 3713 2553 3709 2549 3709 2545 3709 2542 3709 2542 3713 2507 3740 2323 3732 2292 3701 2284 3697 2273 3697"/></Shape>
	    <String CONTENT="dont s’agit résolue par le fait de la demoiselle Bourguignon, "
                    HPOS="464"
                    VPOS="3609"
                    WIDTH="2135"
                    HEIGHT="246"></String>
          </TextLine>

          
          
          <TextLine ID="r1l38"
                    
                    BASELINE="465 3798 570 3803 676 3807 781 3813 887 3819 992 3825 1098 3831 1203 3839 1309 3845 1414 3852 1520 3858 1626 3865 1731 3870 1837 3877 1942 3882 2048 3887 2153 3890 2259 3893 2364 3894 2470 3896 2576 3894" 
                    HPOS="460"
                    VPOS="3709"
                    WIDTH="2112"
                    HEIGHT="207">
            <Shape><Polygon POINTS="2384 3801 2346 3801 2307 3801 2292 3801 2280 3809 2254 3824 2181 3824 2138 3801 2127 3797 2115 3797 2077 3797 2062 3793 2062 3797 2031 3813 1916 3813 1900 3790 1896 3790 1896 3786 1893 3786 1889 3786 1885 3786 1881 3786 1873 3786 1820 3805 1505 3793 1463 3763 1459 3763 1455 3763 1451 3763 1447 3763 1413 3778 1397 3759 1390 3755 1386 3755 1363 3755 1355 3759 1294 3778 1240 3751 1236 3751 1232 3751 1228 3751 1155 3774 1075 3743 1059 3736 1056 3736 1052 3736 1048 3736 1040 3740 994 3767 944 3736 944 3732 940 3732 936 3732 933 3732 929 3732 925 3732 890 3755 852 3728 848 3728 844 3728 840 3728 837 3728 833 3728 802 3747 768 3724 764 3724 760 3724 464 3709 464 3797 460 3820 1812 3905 2568 3916 2572 3893 2565 3828 2426 3832 2411 3816 2396 3801 2384 3801"/></Shape>
	    <String CONTENT="Déboute la dite demoiselle Bourguignon de la demande en "
                    HPOS="460"
                    VPOS="3709"
                    WIDTH="2112"
                    HEIGHT="207"></String>
          </TextLine>

          
          
          <TextLine ID="r1l39"
                    
                    BASELINE="479 3896 584 3901 689 3906 794 3913 899 3920 1004 3926 1109 3934 1214 3941 1319 3948 1424 3955 1529 3963 1634 3968 1739 3974 1844 3980 1949 3986 2054 3990 2159 3993 2264 3996 2369 3998 2474 3999 2579 3998" 
                    HPOS="472"
                    VPOS="3801"
                    WIDTH="2104"
                    HEIGHT="234">
            <Shape><Polygon POINTS="1781 3874 1751 3870 1674 3897 1643 3866 1628 3866 1589 3863 1559 3870 1547 3859 1543 3855 1512 3855 1509 3855 1440 3886 1413 3851 1397 3851 1359 3851 1320 3847 1282 3843 1244 3839 1221 3843 1217 3843 1213 3843 1213 3847 1182 3874 1036 3870 986 3824 975 3824 940 3824 902 3820 887 3816 714 3809 710 3809 706 3809 702 3809 595 3843 556 3805 556 3801 552 3801 549 3801 518 3801 479 3801 476 3893 472 3916 687 3951 691 3951 844 3939 936 3966 940 3966 944 3966 948 3966 990 3947 1109 3974 1113 3974 1317 3966 1401 3993 1405 3993 2019 4001 2031 4020 2035 4020 2035 4024 2039 4024 2042 4024 2046 4024 2050 4024 2104 4008 2296 4035 2300 4035 2572 4020 2576 3997 2561 3916 2538 3935 2392 3912 2388 3912 2269 3928 1931 3912 1889 3886 1885 3886 1881 3886 1877 3886 1873 3886 1870 3886 1843 3905 1812 3874 1781 3874"/></Shape>
	    <String CONTENT="indemnité ; Condamner la demoiselle Bourguignon aux "
                    HPOS="472"
                    VPOS="3801"
                    WIDTH="2104"
                    HEIGHT="234"></String>
          </TextLine>

          
          
          <TextLine ID="r1l40"
                    
                    BASELINE="503 3993 612 3999 721 4006 831 4013 940 4020 1050 4028 1159 4035 1268 4043 1378 4050 1487 4058 1597 4065 1706 4072 1816 4078 1925 4083 2034 4088 2144 4092 2253 4095 2363 4098 2472 4100 2582 4098" 
                    HPOS="495"
                    VPOS="3897"
                    WIDTH="2085"
                    HEIGHT="254">
            <Shape><Polygon POINTS="2457 4001 2419 4001 2380 4001 2357 3997 2288 4028 2184 3993 2150 3993 2112 3993 2088 3993 2054 3997 2027 3989 1996 3989 1958 3989 1954 3985 1916 4008 1697 4005 1405 3989 1347 3951 1344 3951 1305 3947 1297 3947 1251 3978 1159 3935 1152 3935 1148 3935 1059 3962 913 3962 821 3916 810 3916 779 3912 568 3939 506 3897 499 3989 495 4016 1032 4066 1036 4066 1152 4055 1155 4055 1205 4081 1209 4081 1739 4089 1908 4124 2081 4131 2085 4131 2088 4131 2092 4131 2131 4108 2426 4151 2430 4151 2576 4128 2580 4097 2580 4005 2476 4001 2457 4001"/></Shape>
	    <String CONTENT="dépens tant envers les défenseurs qu’envers le Trésor Public "
                    HPOS="495"
                    VPOS="3897"
                    WIDTH="2085"
                    HEIGHT="254"></String>
          </TextLine>

          
          
          <TextLine ID="r1l41"
                    
                    BASELINE="467 4089 572 4095 677 4101 783 4108 888 4116 994 4122 1099 4130 1205 4138 1310 4144 1416 4151 1521 4158 1626 4164 1732 4170 1837 4176 1943 4182 2048 4187 2154 4190 2259 4194 2365 4198 2470 4200 2576 4202" 
                    HPOS="460"
                    VPOS="4001"
                    WIDTH="2112"
                    HEIGHT="226">
            <Shape><Polygon POINTS="2215 4093 2211 4093 2208 4093 2204 4093 2161 4116 2146 4093 2142 4093 2142 4089 2115 4089 2077 4089 2073 4089 2062 4089 2058 4089 2054 4089 2050 4089 2050 4093 2023 4116 1804 4108 1789 4085 1785 4085 1785 4081 1781 4081 1777 4081 1774 4081 1662 4097 1624 4066 1616 4066 1578 4062 1539 4062 1501 4058 1478 4055 1478 4058 1455 4078 1378 4051 1374 4047 1347 4047 1171 4070 1140 4039 1140 4035 1136 4035 1132 4035 1128 4035 1125 4035 1121 4035 1032 4062 898 4024 887 4020 883 4020 879 4020 863 4020 737 4047 464 4001 464 4085 460 4131 572 4120 714 4147 737 4151 741 4151 814 4151 1113 4151 1144 4166 1159 4174 1163 4174 1167 4174 1328 4174 1455 4174 1585 4185 1935 4216 1939 4216 2042 4204 2073 4200 2100 4204 2184 4227 2188 4227 2192 4227 2568 4224 2572 4200 2568 4116 2438 4139 2380 4116 2376 4116 2373 4116 2292 4131 2227 4097 2219 4093 2215 4093"/></Shape>
	    <String CONTENT="ces derniers taxés liquidés à la somme de un franc pour le  "
                    HPOS="460"
                    VPOS="4001"
                    WIDTH="2112"
                    HEIGHT="226"></String>
          </TextLine>

          
          
          <TextLine ID="r1l42"
                    
                    BASELINE="467 4187 573 4194 679 4201 785 4209 891 4216 997 4223 1103 4229 1209 4236 1315 4242 1421 4248 1527 4254 1633 4260 1739 4266 1845 4272 1951 4278 2057 4284 2163 4289 2269 4295 2375 4301 2481 4307 2588 4313" 
                    HPOS="456"
                    VPOS="4093"
                    WIDTH="2132"
                    HEIGHT="280">
            <Shape><Polygon POINTS="2154 4193 2115 4189 2077 4189 2039 4185 2027 4185 1954 4204 1900 4181 1885 4181 1847 4177 1820 4174 1812 4177 1747 4193 1578 4166 1539 4162 1536 4162 1516 4166 1470 4174 1455 4162 1447 4154 1447 4151 1443 4151 1440 4151 1436 4151 1432 4151 1428 4151 1416 4158 1397 4170 1317 4154 1240 4143 1236 4143 1232 4143 1205 4151 1178 4158 1155 4147 1121 4131 1121 4131 1082 4128 1044 4128 1032 4124 856 4135 837 4135 833 4135 798 4112 794 4112 791 4112 787 4112 783 4112 725 4131 721 4131 718 4131 660 4101 656 4101 652 4101 648 4101 606 4116 587 4097 583 4097 549 4093 464 4116 464 4185 456 4270 522 4277 526 4277 529 4277 533 4277 533 4273 576 4235 610 4254 614 4254 618 4254 622 4254 625 4254 652 4235 737 4277 741 4277 744 4277 840 4266 913 4289 967 4304 971 4304 975 4304 1032 4293 1155 4266 1217 4300 1255 4320 1259 4320 1263 4320 1267 4320 1305 4304 1347 4285 1486 4285 1570 4312 1678 4346 1681 4346 1685 4346 1777 4335 1900 4358 1904 4358 1908 4358 1912 4358 1962 4327 1977 4316 1992 4327 2058 4369 2062 4369 2065 4369 2150 4373 2154 4373 2158 4373 2250 4335 2254 4335 2261 4335 2323 4366 2327 4366 2330 4366 2580 4346 2584 4312 2588 4212 2465 4204 2461 4204 2457 4204 2453 4204 2388 4231 2158 4193 2154 4193"/></Shape>
	    <String CONTENT="papier timbré de la présente minute ; conformément à la"
                    HPOS="456"
                    VPOS="4093"
                    WIDTH="2132"
                    HEIGHT="280"></String>
          </TextLine>

          
        </TextBlock>
        
      </PrintSpace>
    </Page>
  </Layout>
</alto>
