3072 4608
414 295 2377 188 allouée pour cette mis à l’essayage ? Doit-on dans tous les cas lui accorder

391 414 2408 173 termes et délais pour payer la somme dont il restera redevable envers

403 518 2400 188 Mouiller ? Que doit-il être statué à l’égard des dépens ? Après avoir

395 614 2400 188 entendu les parties en leurs demandes et conclusions respectivement et en

387 733 2412 169 avoir délibéré conformément à la loi ; attendu qu’il résulte des explication

380 840 2415 185 des parties que Wercruitz a rendu l’habit après la mise à l’essayage

372 952 2415 173 qu’il est d’usage et de toute équité de payer ce travail surtout si, comme

368 1063 2431 161 dans l’espèce, l’ouvrier n’a renvoyer l’habit inachevé que pour ne pas placer

360 1171 2450 169 son patron dans l’embarras. Attendu que le Conseil estime le travail

345 1278 2465 181 de cette mise à l’essayage à la somme de six francs ; attendu qu’en

337 1393 2454 173 recevant le prix de la façon d’un habit par avance Vercruitz annonce

349 1505 2435 173 une position génée qui ne l’est pas améliorée depuis ; que dans

330 1616 2469 177 l’espèce il y a lieu à lui accorder termes et délais pour rembourser

341 1727 2450 166 la somme de douze francs trente centimes qu’il redoit à Mouiller.

295 1823 2515 185 Par ces motifs – Le Bureau général jugeant en dernier ressort ;

322 1946 2458 173 Condamne Vercruitz à payer avec intérêts suivant la loi à

337 2058 2458 180 Mouiller la somme de douze francs trente centimes à titre de

337 2177 2454 188 restitution d’avances reçues sur un travail qu’il n’a pas terminé.

303 2300 2488 165 Dit qu’il paiera cette somme  en deux paiements : Le premier de six francs

318 2411 2466 165 le quinze février mil huit cent cinquante huit et le deuxième de

330 2526 2461 162 six francs trente centimes le vingt cinq du même mois ; Dit que

253 2634 2534 176 faute par lui de payer la comme de six francs au jour cidessus fixé

318 2757 2492 176 la somme entière deviendra exigible de suite ; Condamne Vercruitz

261 2868 2538 184 aux dépens taxés et liquidés envers le demandeur à la somme de soixante

268 2987 2527 173 centimes et à celle de soixante quinze centimes envers le Trésor Public

272 3110 2515 188 pour le papier timbré de la présente minute, conformément à la loi

303 3237 2492 176 du sept aout mil huit cent cinquante, ence, non compris le cout du

261 3344 2523 207 présent jugement, la signification d’icelui et ses suites. Ainsi

295 3455 1371 231 jugé les jour, mois et an que dessus.
