3072 4608
672 307 1858 138 quoique dument appelés et pour le profit condamner les dits époux

660 403 2016 123 Massiquois à lui payer avec intérêts suivant la loi la somme de

656 487 2028 135 huit francs cinquante centimes qu'ils lui doivent pour prix de

645 583 2050 119 travaux faits par sa fille mineure Pauline angevert pour son

668 664 2031 123 compte et d'après ses ordres, plus telle indemnité qu'il plaira au Conseil

675 768 2001 126 fixer pour réparation du préjudice de perte de temps qu'ils lui

675 848 2028 142 ont fait éprouver en ne comparaissant pas devant les Bureaux

675 929 2070 142 du Conseil et les dépens. Point de droit - Doit-on donner défaut

683 1025 2058 130 contre les époux Massiquois non comparants ni personne pour eux quoique

672 1109 2008 150 dument appelés et pour le profit adjuger à la demanderesse les

660 1209 2074 135 conclusions par elle précèdemment prises ? Que doit-il être statué à l'egard

683 1301 2001 127 des dépens ? Après avoir entendu la dame veuve angevert en ses

729 1378 1985 150 demandes et conclusions et en avoir délibéré conformément à la loi;

691 1474 2046 138 attendu que la demande de la veuve angevert parait juste et fondée;

679 1570 2058 161 Que d'ailleurs elle n'est pas contestée par les époux Massiquois non

695 1666 1989 150 comparants ni personne pour eux quoique dument appelés ;

702 1762 2043 146 attendu qu'on ne comparaissant pas devant les Bureaux du Conseil

675 1850 2059 139 les époux Massiquois ont causé à la dame veuve angevert un

714 1935 2062 169 préjudice de perte de temps, ce qu'elle doit réparer ; Par ces motifs

718 2035 2058 157 Le Bureau Général jugeant en dernier ressort ; Autorise la dame Massiquois

718 2127 2077 146 a ester en justice faute par son mari de l'avoir fait ; Donne défaut contre

698 2223 2082 150 les époux Massiquois non comparants ni personne pour eux quoique

706 2311 2093 165 dument appelés ; Et adjugeant le profit dudit défaut condamne

721 2400 2039 172 solidairement les époux Massiquois à payer à la dame veuve

714 2499 2085 150 Angevert avec intérêts suivant la loi la somme de huit francs cinquante

706 2603 2058 154 centimes qu'ils lui doivent pour prix de travaux faits par sa fille

718 2699 2069 154 mineure Pauline angevert, plus une indemnité de quatre francs

706 2791 2054 154 cinquante centimes pour temps perdu ; Les condamne en outre aux

718 2876 2050 165 dépens taxés et liquidés envers la demanderesse à la somme de

729 2968 2047 165 Trois francs quatre vingt dix sept centimes, et à celle de un franc

733 3060 2077 173 quatre Vingt centimes envers le Trésor Public pour le papier timbré de la

748 3152 2016 173 présente minute, le papier timbré et l'enregistrement de la citation ;

733 3240 2051 177 conformément à la loi du sept août mil huit cent cinquante, ence, non

721 3329 2047 180 compris le cout du présent jugement, la signification d'icelui et ses suites.

748 3425 2043 192 Et vu les articles 435 du code de procédure civile, 27 et 42 du décret du

748 3525 2074 169 onze Juin 1809 pour signifier aux défendeurs le présent jugement, commet

721 3609 2074 192 Potin, l'un de ses huissiers audienciers. Ainsi jugé les jour

748 3747 711 181 mois et an que dessus.
