4608 3072
2127 409 875 164 Du dit jour vingt neuf Janvier

1428 486 2266 187 Entre Mademoiselle Elisa Bailly, fille majeure, ouvrière,

1425 599 2215 176 demeurant à Paris, rue de la Boucherie, numéro vingt neuf

1397 688 2302 190 (gros laillon) ; Demanderesse ; Comparant ; D’une part ; Et

1425 798 2279 164 Monsieur Durand, tailleur d’habits, demeurant et domicilié

1400 903 2329 167 à Paris, rue Réboutit, numéro huit ; Défendeur ; Défaillant ;

1400 1006 2332 163 D’autre part ; Point de fait - Par lettre du secrétaire du Conseil de

1415 1123 2281 154 Prud’hommes du Département de la Seine pour l’industrie

1395 1249 2332 115 des tissus en date du Mardi vingt six  Janvier mil huit cent

1382 1341 2368 125 cinquante huit la demoiselle Bailly fit citer Durand à comparaitre

1377 1461 2340 115 par devant le dit Conseil séant en Bureau Particulier le mercredi

1400 1571 2345 100 vingt sept Janvier mil huit cent cinquante huit pour se concilier

1402 1666 2343 136 si faire se pouvait sur la demande qu’elle entendait forme contre

1392 1792 2327 110 lui devant le dit Conseil en paiement de trente six francs

1384 1886 2371 141 cinquante centimes qu’il lui doit pour prix de travaux par elle faits

1395 2007 2391 133 pour son compte et d’après ses ordres. Durand n’ayant pas comparu

1387 2109 2427 131 la cause fut renvoyé devant le Bureau Général du dit Conseil séant le

1405 2216 2409 136 Vendredi vingt neuf Janvier mil huit cent cinquante huit. Cité pour le

1395 2324 2398 143 dit jour vingt neuf janvier Durand ne comparut pas. A l’appel

1382 2442 2450 138 de la cause la demoiselle Bailly se présenta et conclut à ce qu’il plus

1367 2547 2429 151 au Bureau Général du dit Conseil donner défaut contre Durand

1351 2659 2481 167 non comparant ni personne pour lui quoique dument appelé et pour l

1361 2759 2471 200 e profit le condamner à lui payer avec intérêts suivant la loi le

1715 2885 2027 169 somme de trente six francs cinquante centimes qu’il lui doit pour
