4608 3072
458 844 660 100 ci-devant rue saint

440 898 781 115 Nicolas d’Antin, numéro

442 995 497 100 quarante deux

389 1707 860 172 visé pour timbre et enregistré à

384 1896 865 134 mil huit cent cinquante huit,

391 1835 801 128 Paris, le vingt huit Janvier

384 1955 842 141 folio 16, case 4, verso

407 2027 775 123 délier un franc soixante centimes,

378 2199 676 158 signé L. Drevon

2030 235 993 161 Du dit jour vingt neuf Janvier

1272 330 2511 171 Entre mademoiselle Madeleine Ravel, ouvrière, demeurant à

1267 458 2534 166 Paris, passage du soleil, numéro seize ; Demanderesse ;

1246 570 2568 167 Comparant ; D’une part ; Et Mademoiselle Marie Mérel,

1246 698 2568 162 lingère, demeurant et domiciliée à Paris rue de Provence, numéro

1269 808 2545 182 soixante onze ; Defenderesse ; Défaillante ; D’autre part ;

1246 926 2586 182 Point de fait - Par lettre du secrétaire du Conseil de prud’hommes

1262 1062 2567 156 du département de la seine pour l’industrie des tissus en date du

1246 1169 2588 185 lundi mil huit cent cinquante huit la demoiselle Ravel

1246 1297 2594 182 fit citer la demoiselle à comparaitre par-devant Mérel à comparaître

1246 1413 2611 184 par devant le dit Conseil séant en Bureau Particulier le mardi dix neuf

1246 1530 2594 195 Janvier mil huit cent cinquante huit pour se concilier si faire se pouvait

1249 1664 2585 179 sur la demande qu’elle entendait former  contre elle devant le dit conseil

1249 1786 2580 187 en déclaration de jugement commun entre elle et le sieur Mérel

1274 1909 2591 190 Fontaine. La demoiselle Mérel n’ayant pas comparu la cause fut renvoyé

1244 2017 2616 199 devant le Bureau Général du dit Conseil séant le vendredi vingt deux

1246 2158 2611 199 janvier mil huit cent cinquante huit et ajournée au vendredi vingt

1246 2265 2624 207 neuf janvier même mois. Suivant exploit de Fontaine, huissier

1246 2426 2629 180 pour le tribunal civil de premier instance de la seine, audiencier

1246 2547 2624 263 aux Conseil de prud’hommes de la Seine, la demoiselle Ravel  fit
