4608 3072
1989 537 814 120 Du dit jour cinq Février

1369 614 2181 156 Entre Madame Françoise Émilie Billot, ouvrière, épouse

1361 719 2159 148 assistée et autorisée du sieur Noël Nicolas Couvreur, et le dit sieur

1354 819 2191 161 demeurant ensemble à Montmartre, rue Véron , numéro dix sept  ;

1328 911 2207 164 Demandeurs ; Comparant ; D’une part ; Monsieur et Madame

1351 1018 2186 151 Balles, le dit sieur Balles tant en son nom personnel que pour

1338 1131 2212 146 assister et autoriser la dame son épouse, blanchisseuse de linge,

1336 1236 2224 138 demeurant et domiciliés ensemble à la Chapelle Saint Denis,

1320 1346 2243 136 rue des poissonniers, numéro vingt ; Défendeur ; Défaillant ;

1300 1448 2273 144 D’autre part ; Point de fait - Par lettre du secrétaire du Conseil

1320 1559 2264 130 de Prud’hommes du Département de la Seine pour l’industrie des

1328 1671 2256 126 tissus établit à Paris, la dite lettre en date des Lundi premier février

1336 1784 2260 125 mil huit cent cinquante huit les époux Couvreur firent citer les époux

1354 1899 2240 115 Balles à comparaître pardevant le dit conseil pour se concilier si faire se

1318 2009 2283 115 pouvait sur la demande qu’ils entendaient former contre eux devant le dit

1308 2114 2293 138 Conseil en paiement de la somme de dix francs pour prix de travaux

1310 2234 2322 131 faits par la dame Couvreur pour leur compte et d’après les ordres de

1336 2339 2291 141 la dame Balles. A l’appel de la cause les époux Couvreur se présentèrent

1320 2447 2315 136 et exposèrent comme dessus. De son coté la dame Balles se présent

1300 2560 2332 145 et exposa au Conseil qu’à la vérité elle été débitrice de la dame Couvreur

1295 2675 2332 148 de la somme de dix francs pour son travail mais que la dite dame

1290 2782 2352 159 Couvreur lui avait perdu une chemise du pris de six francs et un

616 1894 676 141 séant en Bureaux

565 1994 709 110 Particuliers le mercredi

583 2076 673 110 trois février mil huit cent cinquante huit

599 2147 655 121 cent cinquante huit

650 2214 583 230 renvoi approuvé
