4608 3072
975 171 2713 197 cent cinquante huit. La veuve  Voyon n’ayant pas comparu

965 289 2741 215 la cause fut renvoyée devant le Bureau Général du dit Conseil

947 412 2767 217 séant le vendredi cinq Février mil huit cent cinquante huit. Cité

954 522 2694 240 pour le dit jour cinq février la demoiselle Flamand comparut

977 675 2706 192 A l'appel de la cause la veuve Voyon comparut pas. A

954 811 2775 182 l’appel de la cause la demoiselle Flamand se présenta et conclut à

983 913 2729 213 ce qu’il plut au Bureau Général du dit Conseil donner défaut

977 1052 2735 207 contre la veuve Voyon non comparante ni personne pour elle

957 1187 2778 195 quoique dument appelée et pour le profit la condamner à lui payer

957 1320 2780 177 avec intérêts suivant la loi la somme de vingt un francs cinquante

954 1451 2788 154 centimes qu’elle lui doit pour prix de travaux par elle fait pour son

926 1587 2824 156 comptes et d’après ses ordres, plus une indemnité pour le préjudice

949 1730 2814 126 de perte de temps qu’elle lui a fait éprouver en ne comparaissant pas devant

898 1845 2857 156 les Bureaux du Conseil et les dépens. Point de droit - Devait-on donner

949 1953 2816 187 défaut contre la veuve Voyon non comparante ni personne pour elle

942 2088 2816 177 quoique dument appelée et pour le profit adjuger au demanderesse

949 2196 2821 174 les conclusions par elle précédemment prises ? Que devait-on statuer

957 2352 2816 159 à l’égard des dépens ? Après avoir entendu la demoiselle Flamand

952 2496 2818 168 en ses demandes et conclusions et en avoir délibéré conformément à
