3072 4608
1497 1451 476 108 Audience

1666 1532 138 111 Du

860 1605 1954 134 Vendredi quinze Janvier mil huit cent cinquante

844 1693 2009 142 huit. Siégeant : Messieurs Biétry, officier de la légion

867 1785 1874 138 d’honneur, Président du Conseil de Prud’hommes du

817 1873 1894 142 Département de la Seine pour l’industrie des tissus,

817 1962 1874 161 Pagez-Baligor, Warimier, Sentager Viceneux,

821 2054 2032 161 Prud’hommes, assistés de Monssieur Gremotor, commis secrétaire

802 2165 449 112 du dis conseil.

821 2323 1974 165 Entre Madame Adélaïde Magne, ouvrière en dentelles,

791 2430 2035 162 Epouse assistée et autorisée du sieur Narcis Momier, et ce

783 2522 2016 142 Dernier, demeurant et domiciliés ensemble, à Paris, rue Saint Denis,

787 2615 1989 161 Numéro cent quatre vingt cinq ; Demandeurs, Comparant ;

783 2703 2054 165 D’une part ; Et Madame veuve Lorther, ouvrière en dentelles

764 2803 2008 157 à façon, demeurant et domiciliée, à Paris, rue Saint-Denis,

783 2903 2066 142 numéro cent quatre vingt ;Défenderesse ; Défaillant ; D’autre

764 2983 2058 161 part ; Point de fait – Par lettres du secrétaire du Conseil de

779 3083 2008 157 Prud’homme du Département de la Seine, pour l’industrie du

783 3179 2081 154 tissus, en date des samedi vingt six et lundi vingt sept Décembre

794 3271 2070 154 mil huit cent cinquante sept les époux Lemann Monnier font citer

748 3363 2112 173 la veuve Lother à comparaître par devant le dit Conseil de Prud’hommes

779 3463 2066 158 séant en Bureau Particuliers les Lundi vingt huit et Mardis vingt

756 3563 2097 154 neuf Décembre mil huit cent cinquante sept pour se concilier si faire

752 3659 2093 142 se pouvait sur la demander qu’ils entendaient former contre elle devant le

775 3759 2078 157 dit Conseil en paiement de la somme de douze francs qu’elle leur doit pour

768 3847 2085 165 prix de travaux faits par la dame Monnier pour son compte et d’après

748 3951 2089 153 ses ordres. La veuve Lorther n’ayant pas comparu la cause fut renvoyée

744 4051 2109 126 devant le Bureau Général du dit Conseil séant le Vendredi huit janvier

741 4154 2050 189 mil huit cent cinquante huit et ajournée au vendredi quinze du même

837 426 2008 165 loi du sept aout mil huit cent cinquante, ence, non compris le cout

837 529 1996 162 du présent jugement, la signification d’icelui et ses suites. Ainsi

844 618 1148 165 jugé le jour, mois et an que dessus.
