4608 3072
1418 1149 2391 169 fondée ; que d’ailleurs elle n’est pas contestée par Viéville non

1390 1262 2339 184 comparant ni personne pour lui quoique dument appelé ;

1408 1356 2434 190 Par ces motifs – Le Bureau Général jugeant en premier ressort

1418 1482 2388 161 Donne défaut contre Viéville non comparant ni personne pour

1410 1597 2368 148 Lui quoique dument appelé ; Et adjuger le profit du dit défaut ;

1415 1715 2391 143 Dit et ordonne que dans les vingt quatre heures qui suivront

1382 1804 2463 159 la signification du présent jugement Viéville sera tenu de faire

1390 1932 2455 154 rentrer sa fille dans les atelier des époux Didier pour y continuer

1372 2071 2434 107 son apprentissage aux termes de la convention verbale du premier s

1408 2165 2442 149 eptembre mil huit cent cinquante sept, sinon et faute par lui

1405 2288 2437 118 de ce faire dans le dit délai et icelui passé le Condamner dès à

1374 2396 2486 117 présent à payer aux époux Didier la somme de cinquante

1390 2506 2444 141 francs à titre d’indemnité ; Dit que le présent jugement sera

1382 2626 2432 138 exécutaire par provision, nonobstant appel et sans qu’il soit

1361 2728 2491 139 besoin par les demandeurs de fournir caution, conformément

1405 2844 2455 169 à l’article quatorze de la loi du premier mil huit cent cinquante
