4608 3072
1530 309 2269 164 compte et d’après ses ordres, plus un indemnité de six francs pour le

1530 424 2261 157 temps perdu ; LA condamne en outre aux dépens taxés et liquidés

1525 529 2289 141 envers le demandeur à la somme de deux francs cinquante

1538 629 2243 151 centimes, et à celle de deux francs cinq centimes envers le

1551 732 2217 133 Trésor Public, pour le papier timbré de la présente minute,

1551 837 2255 146 le papier timbré et l’enregistrement de la citation, conformément

1543 954 2186 118 à la loi du sept aout mil huit cent cinquante ence, non

1533 1049 2258 128 compris le cout du présent jugement,, la signification d’icelui

1530 1157 2169 135 et ses suites. Et vu les articles 435 du code de procédure

1556 1264 2225 120 civile, 27 et 42 du décret du onze juin 1809 pour signifier

1566 1356 2245 144 à la défenderesse le présent jugement, Commet Fontaine,

1564 1459 2196 166 l’un de ses huissiers audienciers. Ainsi jugé les jour

1541 1589 995 118 mois et an que dessus.
