4608 3072
1187 424 2555 152 demoiselle Marie Marie Mérel ; que par conséquent si cette

1185 535 2567 153 dernière est réellement propriétaire du fond de lingerie depuis le

1162 663 2601 138 quatorze juillet dernier il s’en suit que tout les travaux fait à partir

1167 770 2570 146 de cette époque l’ont été pour son compte, qu’elle en a profité et que

1152 878 2654 166 partant elle en doit le prix ; Par ces motifs - Ouïr dire la défenderesse

1177 1016 2616 123 que le jugement rendu le vingt sept novembre dernier contre les sieurs

1177 1128 2637 128 et dame Mérel-Fontaine lui sera déclaré commun ; s’entendre  en

1144 1256 2626 126 conséquence, condamner ç payer la somme  à principal intérêt et  frais

1175 1374 2636 131 des condamnations portées au juge dernier jugement du vingt sept novembre

1164 1500 2637 128 dernier ; Ouir dire aussi que le jugement à intervenir sera exécutoire

1136 1617 2670 134 par provision, nonobstant appel et sans qu’il soit besoin pour pelle de

1177 1733 2645 140 fournir caution conformément à l’article quatorze la loi du premier

1159 1835 2665 161 juin mil huit vent cinquante trois. A l’appel de la cause la demoiselle

1167 1971 2662 153 Marie Mérel ne comparut pas. De son coté la demoiselle Ravel

1180 2083 2649 167 se présenta et conclut à ce qu’il plut au Bureau Général du dit Conseil

1172 2209 2678 161 donner défaut contre la demoiselle Marie Mérel  non comparant ni

1180 2327 2537 169 personne pour elle quoique dument appelé et pour le profit déclarer

1149 2447 2711 177 commun à la demoiselle Marie Mérel le jugement rendu le vingt

1167 2554 2708 210 sept novembre dernier contre les époux Mérel-Fontaine ; En conséquence

1185 2703 2629 197 condamne la demoiselle Marie Mérel à lui payer avec intérêts
