4608 3072
1538 875 2094 149 non comparante, ni personne pour elle quoique dument appelée.

903 1016 638 107 Attendu que ne

1541 965 2086 153 Et pour le profit la condamner à lui payer suivant la loi

901 1103 573 100 comparaissant pas

1559 1064 2083 154 la somme de trente huit francs qu’elle lui doit pour prix

898 1167 594 102 devant les Bureaux

1564 1159 2073 154 de travaux fait par sa fille pour son compte et d’après ses ordres

906 1221 627 110 du Conseil la demoiselle

878 1308 606 120 Desgranges a causé à

1553 1267 2079 151 plus indemnité pour le temps qu’elle lui a fait perdre en ne

883 1387 645 113 Albarède un préjudice

1566 1356 2079 167 comparaissant pas devant  le Bureau du conseil et les dépens.

885 1433 651 126 de perte de temps, ce

1541 1454 2101 156 Point de Droit – Devait-on donner défaut contre la demoiselle

908 1538 633 92 qu’elle doit réparer ;

903 1589 609 128 Par ces motifs- Le

1561 1564 2079 140 Desgranges non comparante ni personne pour elle quoique dument

908 1669 628 102 Bureau Général jugeant

1579 1656 2061 159 appelée pour profit adjugé au demandeur les conclusions

906 1733 622 105 en dernier recours ; donne

906 1807 630 107 défaut contre la demoiselle

1594 1756 2054 166 par lui précédemment prises ? Que devait-il être statué à

896 1868 642 139 Desgranges non comparante

1605 1863 2032 133 l’égard des dépens ? Après avoir entendu Albarède en ses

924 1935 606 115 ni personne pour elle

1612 1960 2025 128 demandes et conclusions et en avoir délibéré conformément

913 2004 628 141 quoique dument appelée ;

1571 2055 2071 138 à la loi ; attendu que la demande d’Albarède paraît juste

898 2086 540 182 renvoi approuvé

1571 2150 2064 161 et fondée ; que d’ailleurs elle n’est pas contestée par la

1569 2257 2071 136 demoiselle Desgranges non comparante ni personne pour

1576 2360 2077 151 elle quoique dument appelée ; Et adjugeant le profit à

1561 2475 2074 133 défaut condamner la demoiselle Desgranges à payer avec

1561 2560 2069 140 intérêts suivant la loi à Albarède, ès nom, qu’il s’agit

1564 2664 2063 146 la somme de trente huit francs qu’elle lui doit pour prix

1538 2790 2102 148 de travaux fait par la mineure Hélène Albarède pour son
