4608 3072
637 990 737 108 Dire en outre que le

650 1070 742 110 jugement à intervenir sera

586 1139 791 97 exécutaire par provision

619 1203 742 102 nonobstant appel et sans

632 1272 755 105 qu'il soit besoin pour eux de

634 1333 781 118 fournir caution, conformément

650 1408 711 117 à la loi du premier juin

624 1479 753 113 mil huit cent cinquante trois

683 1561 604 136 renvoi approuvé

1425 737 2399 151 du dit Conseil donner défaut contre la veuve Bouquet ès nom qu’elle

1431 837 2385 163 agit, non comparante ni personne pour elle quoique dument appelée

1420 952 2404 156 et pour le profit résilier la convention verbale d’apprentissage

1428 1075 2399 141 du quinze octobre mil huit cent cinquante six ; Et pour le tort que

1423 1177 2406 159 leur cause cette résiliation condamner la veuve Bouquet à leur

1415 1310 2427 123 payer intérêts suivant la loi la somme de trois cents francs, et la condamne

1415 1413 2442 143 en outre aux depens. Point de droit ) Devait-on donner défaut contre

1415 1536 2432 120 la veuve Bouquet non comparante et personne pour elle quoique dument

1415 1646 2432 146 appelée et pour le profit adjuger au demandeurs les conclusions par

1415 1771 2427 125 eux précédemment prises ? Que devait-il être statué à l’egard des

1415 1891 2432 133 dépens ? Après avoir entendu les époux Yékiche en leurs demandes et

1415 2004 2450 115 conclusions et en avoir délibéré conformément à la loi ; attendu que la

1415 2137 2450 128 demande des époux Yékiche parait juste et donnée ; que d’ailleurs elle n’est

1413 2240 2455 148 pas contestée par la veuve Bouquet non comparant ni personne pour elle

1413 2362 2452 136 quoique dument appelé ; Par ces mots - Le Bureau Général jugeant en

1415 2478 2453 135 premier ressort ; donne défaut contre la veuve Bouquet non comparante

1415 2595 2471 133 ni personne pour elle quoique dument appelée ; Et adjugeant le profit

1415 2749 2468 161 du dit défaut ; Dit et ordonne que dans les vingt quatre heures de la
