3072 4608
940 380 1974 176 liquidés envers les demandeurs à la somme de un franc vingt centimes

894 472 2012 161 et à celle de soixante quinze centimes envers le trésor public pour

894 564 2032 161 le papier timbré de la présente minute, Conformément à la loi du sept

871 652 2043 169 Août mil huit cent Cinquante, ence, non compis le cout du présent

902 748 2020 162 jugement, la signification d'icelui et ses suites ; Et vu les articles

894 833 2035 176 435 du code de procédure civile 27 et 42 du décret du onze Juin

906 929 2023 173 1809 pour signifier au défendeur le présent jugement Commet

894 1025 2024 176 Potin, l'un de ses huissiers audienciers. Ainsi jugé les jour mois et

933 1121 499 211 an que dessus.

1608 1950 768 177 Dudit jour dix huit Juin

925 2073 2016 142 Entre monsieur Pierre Genedor, Employé, demeurant à Paris,

925 2181 2031 138 rue Rochechouart, numéro quatre vingt deux, agissant au nom

913 2284 2047 131 et comme chargé de l'administration de la personne et des biens de

898 2373 2081 130 sa fille mineure Anna Genedor, ouvrière ; Demandeur ; Comparant ;

913 2469 2063 134 D'une part ; Et Monsieur Lair, fabricant de dentelles, demeurant

890 2572 2074 108 et domicilié à Paris, rue du faubourg Montmartre, numéro trente

906 2661 2070 142 deux ; Défendeur ; Défaillant ; D'autre part ; Point de fait

890 2757 2089 149 Par lettre du secrétaire du Conseil de Prud'hommes du Département

902 2860 2066 135 de la seine pour l'industrie des tissus en date du Vendredi onze Juin

894 2956 2101 146 mil huit cent Cinquante huit Genedor, ès noms et qualités qu'il agit, fit

890 3048 2078 146 présenter et citer Lain à comparaître par devant le dit Conseil séant

902 3144 2077 150 en Bureau Particulier le samedi douze Juin mil huit cent cinquante

906 3237 2062 157 pour se concilier si faire se pouvait sur la demande qu'il entendait

883 3340 2100 154 former contre lui devant ledit conseil en paiement de la somme de Cinquante

887 3432 2096 173 huit francs qu'il lui doit pour prix de travaux faits par sa fille anna

883 3532 2104 165 pour son compte et d'après ses ordres. Les parties n'ayant pas été

879 3636 2097 165 conciliées la cause fut renvoyée devant le Bureau Général du dit

890 3732 2101 157 Conseil séant le vendredi dix huit Juin mil huit cent Cinquante

890 3828 2086 165 huit. Cité pour le dit jour dix huit Juin par lettre du secrétaire

894 3924 2093 173 du Conseil en date du samedi douze Juin mil huit cent Cinquante

875 4020 2039 157 huit Lair ne comparut pas ni personne pour lui régulièrement

871 4124 2058 172 quoique dument appelé ; A l'appel de la cause Genedor se

894 4204 2093 215 présenta et Conclut à ce qu'il plut au Bureau Général dudit
