3072 4608
668 399 2031 165 dame veuve Cartigny à payer aux époux Mellor la somme de

675 495 2039 161 dix sept francs quarante cinq centimes qu'elle leur doit pour prix de

660 591 2039 153 travaux faits par la dame Mellor pour son compte et d'après ses ordres,

660 675 2028 165 plus une indemnité de quatre francs cinquante centimes pour temps

675 764 1997 161 perdu ; La condamne en outre aux dépens taxés et liquidés à la

672 867 2035 158 somme de deux francs soixante seize centimes envers la demanderesse

660 956 2054 138 et à celle de un franc quarante cinq centimes envers le Tresor Public pour

652 1044 2074 169 le papier timbré de la présente minute, le papier timbré et l'enregistrement

672 1140 2035 146 de la citation, conformément à la loi du sept août mil huit cent cinquante,

664 1236 2047 154 ence non compris le cout du présent jugement, la signification d'icelui

660 1324 2058 165 et ses suites. Et vu les articles 435 du code de procédure civile, 27 et 42

656 1416 2062 135 du décret du onze Juin 1809 pour signifier à la défenderesse le présent

648 1512 2078 158 jugement, commet Potin, l'un de ses huissiers Audienciers. Ainsi jugé les

652 1608 830 204 jour mois et an que dessus.

1309 2365 822 134 Du dit jour dix huit Juin.

664 2457 2050 131 Entre Mademoiselle Elisa Poulain, ouvrière lingère, demeurant

660 2557 2031 134 à Paris, rue Mazarine, numéro quarante huit ; Demanderesse ;

660 2649 1943 138 Comparant ; D'une part ; Et Madame Veuve Cartigny,

633 2745 2016 127 Lingère, demeurant et domiciliée à Paris, rue du Roule, numéro

660 2837 1981 139 seize ; Défenderesse ; Défaillant ; D'autre part ; Point de fait —

683 2949 2024 123 Par lettre du secrétaire du Conseil de Prud'hommes du Département

679 3037 2020 142 de la Seine pour l'industrie des tissus en date du mardi quinze Juin

660 3137 2008 123 mil huit cent Cinquante huit la demoiselle Poulain fit citer la

656 3229 2058 127 dame veuve Cartigny à comparaître par devant le dit Conseil de

664 3321 2058 123 Prud'hommes séant en Bureau Particulier le Mercredi seize Juin

656 3413 2097 142 mil huit cent Cinquante huit pour se concilier si faire se pouvait sur

660 3513 2054 123 la demande qu'elle entendait former contre elle en paiement de la

660 3613 2066 111 somme de Cinquante francs qu'elle reste lui devoir sur celle de

664 3701 2043 146 soixante neuf francs qu'elle lui devait pour salaire et que par

675 3797 2082 131 décision du Conseil en date du vendredi vingt un Mai dernier elle

648 3886 2112 153 s'est engagée à payer par dix francs par semaine, ce qu'elle n'a

656 3985 2108 139 pas fait. La dame veuve Cartigny n'ayant pas comparu la cause

656 4081 2039 146 fut renvoyée devant le Bureau Général du dit Conseil séant le

660 4177 2081 181 Vendredi dix huit Juin mil huit cent Cinquante huit. Citée
