4608 3072
1377 92 2079 184 donner défaut contre Brision non comparant ni personne pour lui quoique

1372 204 2060 156 dument appelé et pour le profit adjuger au demandeur les conclusions par lui

1346 289 2099 156 précédemment prises ? Que devait-on statuer à l’égard des dépens ?

1354 384 2109 156 Après avoir entendu Cochet en ses demandes et conclusions et en avoir délibéré

1361 486 2105 159 conformément à la loi ; attendu que la demande de Cochet parait juste

1372 583 2086 161 et fondée ; que d’ailleurs elle n’est pas contestée par Brision non comparant

1351 693 2148 159 ni personne pour lui quoique dument appelé ; attendu qu’en ne comparaissant

1361 788 2118 141 pas devant les Bureaux  du Conseil Brision a causé à Cochet un préjudice

1354 885 2130 146 de perte de temps, ce qu’il doit réparer ; Par ces motifs - Le Bureau Général

1346 983 2148 148 jugeant en dernier ressort ; Donne défaut contre Brision non comparant

1346 1098 2153 143 ni personne pour lui quoique dument appelé ; Et adjugeant le profit du dit

1361 1208 2125 123 défaut ; condamne Brision à payer avec intérêts suivant la loi à

1361 1295 2151 128 Cochet la somme de cent quarante francs qu’il lui doit pour

1361 1395 2143 141 prix d’un mois de travail de Cochet pour son compte, d’après ses ordres et

1354 1515 2142 141 dans ses ateliers, plus une indemnité de dix francs pour temps perdu.

1346 1623 2158 122 Le condamner en outre aux dépens taxés et liquidé en vers le demandeur

1354 1725 2160 120 à la somme de quatre francs vingt un centimes et à celle de deux francs

1331 1827 2176 110 cinq centimes envers le Trésor Public pour le papier timbré de la présente

1315 1930 2202 146 minute, le papier timbré et l’enregistrement de la citation, conformément

1336 2037 2186 141 à la loi du sept aout mil huit cent cinquante, ence, non compris le cout du

1295 2147 2232 139 présent jugement, la signification d’icelui et ses suites. Et vu les

1341 2265 2186 113 articles 435 du code de procédure civile, 27 et 42 du décret du onze juin

1320 2347 2207 143 1809 pour signifier au défendeur le présent jugement, commet Potin,

1310 2478 2217 148 l’un de ses huissiers audienciers. Ainsi jugé les jour moi et ans que

1326 2585 291 143 dessus.
