4608 3072
1003 189 548 113 séant en Bureau

990 253 548 113 Particuliers les mardi

985 325 499 92 huit et Mercredi

975 360 561 113 neuf juin mil huit

977 432 553 118 Cent cinquante huit

1021 501 448 233 rendu et approuvé

1576 2 1933 118 Cent cinquante huit les époux Margeran ès noms et qualités qu'ils

1594 79 1874 133 agissent firent citer Decroës à Comparaître par devant ledit

1612 166 1874 128 Conseil de Prud'hommes pour se concilier si faire se pouvait sur

1592 253 1881 123 la demande qu'ils entendaient former contre lui devant ledit

1584 337 1938 134 Conseil en paiement de la somme de Vingt sept francs cinquante

1584 432 1920 131 quinze centimes qu'il leur doit pour prix de travaux faits

1589 517 1892 125 par la mineure Léontine Boiron pour son compte, dans ses

1594 619 1938 110 ateliers et d'après ses ordres. Decroës n'ayant pas comparu la

1579 706 1976 108 cause fut renvoyée devant le Bureau Générale du Conseil séant

1579 791 1943 112 le vendredi onze juin mil huit cent cinquante huit. Cité

1569 885 1986 113 pour le dit jour onze juin Decroës ne comparut pas. A l'appel

1589 972 1971 103 de la cause les époux Margeran se présentèrent et conclurent à

1571 1067 1969 123 Ce qu'il plut au Buraeu Général dudit conseil donner défaut

1561 1162 1994 105 contre Decroës non comparant ni personne pour lui quoique dument

1576 1239 1944 128 appelé et pour le profit le condamner à leur payer avec intérêts

1582 1338 1973 108 suivant la loi la somme de vingt sept francs quinze centimes

1574 1418 1989 141 qu'il leur doit pour prix de travaux faits par la mineure Léontine

1576 1523 1910 102 Boiron pour son compte ; d'après ses ordres et dans ses ateliers

1574 1607 1979 131 plus une indemnité pour le préjudice de perte de temps qu'il leur

1600 1710 1958 110 à fait éprouver en ne comparaissant pas devant les Bureaux

1592 1789 1974 133 du Conseil et les dépens. Point de droit - Doit-on donner défaut

1541 1889 2027 123 contre Decroës non comparant ni personne pour lui quoique

1605 1971 1922 130 dument appelé et pour le profit adjuger aux demandeurs les

1579 2063 1999 136 Conclusions par eux précèdemment prises ? Que doit il etre

1615 2150 1986 146 statué à l'égard des dépens ? Après avoir entendu les époux Margeran

1602 2250 2007 141 en leurs demandes et conclusions et en avoir délibéré Conformément

1589 2342 2005 128 à la loi attendu que la demande des époux Margeran parait juste

1602 2424 1999 161 et fondée ; que d'ailleurs elle n'est pas contestée par Decroës non

1592 2521 1981 159 comparant ni personne pour lui quoique dument appelé ; Et

1615 2621 1992 195 adjugeant le profit du dit défaut ; Condamne Attendu qu'on
