3072 4608
1543 180 407 157 Audience

1716 284 111 119 Du

844 284 1882 272 Vendredi quatre Juin mil huit cent cinquante huit

829 445 1939 192 siégeaient : Messieurs Larouette, vice Président du Conseil

798 529 1966 196 de Prud'hommes du Département de la Seine pour l'industrie

810 629 1950 188 des tissus, Présidant l'audience en remplacement de Monsieur

802 714 1935 192 Biétry, officier de la Légion d'honneur, empêché pour

802 810 1920 199 cause légitime, Adolphe Michel, Mariénval, Dubosc

791 890 1923 269 et Soutaq, Prud'hommes assistés de Monsieur Lecucq

791 990 929 146 secrétaire du dit Conseil

783 1259 1901 192 Entre Mademoiselle Aimée Wéber, fille majeure,

764 1363 1989 192 ouvrière, demeurant à Paris, passage Vendôme, numéro Trente

756 1451 2004 211 sept ; Demanderesse ; Comparant ; D'une part ; Et Monsieur

768 1555 1966 184 et Madame Deluc, le dit sieur Deluc tant en son nom

741 1639 2012 192 personnel que pour assister et autoriser la dame son épouse

748 1743 2005 188 fabricante demodes, demeurant et domiciliés, ensemble, les dits

729 1831 2008 184 époux à Paris, Place Royale, numéro Vingt un ; Défendeurs ;

725 1927 2001 188 Défaillant ; D'autre part ; Point de fait- Par lettres du

737 2023 2000 181 Secrétaire du Conseil de Prud'hommes du Département de la

741 2115 2000 181 Seine pour l'industrie des tissus en dates des Jeudi vingt sept

721 2208 2009 184 et Samedi vingt neuf Mai mil huit cent cinquante huit

695 2300 2031 184 la demoiselle Weber fit citer les époux Deluc à comparaître

714 2403 2054 173 par devant le dit Conseil de Prud'hommes du Département de

706 2511 2031 161 la Seine pour se concilier si faire se pouvait sur la demande qu'elle

706 2592 2008 161 entendait former contre eux devant le dit Conseil en paiement de

714 2684 2000 165 la somme de Vingt deux francs Cinquante Centimes Trente centimes

687 2780 2031 180 qu'ils lui doivent pour prix de ses travaux et en restitution d'une robe

633 2872 2062 176 qu'ils lui retiennent indument . Les époux Deluc n'ayant pas

698 2964 2009 161 comparu la cause fut renvoyée devant le Bureau Général du

687 3064 2081 165 dit Conseil séant le vendredi quatre Juin mil huit cent cinquante

683 3152 2031 154 huit. Cités pour le dit jour quatre Juin par lettre du secrétaire du

683 3244 2043 169 Conseil en date du Lundi trente un mai mil huit Cent Cinquante huit

660 3329 2047 188 les époux Deluc ne comparaient pas. A l'appel de la cause

672 3432 2035 154 la demoiselle Weber se présenta et conclut à ce qu'il plut au Bureau

664 3521 2024 161 Général du dit Conseil autoriser la dame Déluc à citer en

664 3621 2043 169 justice faute par son mari de l'avoir fait ; Donner défaut contre

679 3720 2012 162 les époux Deluc non comparants ni personne pour eux

652 3809 2016 169 quoique dûment appelés et pour le profit Condamner les époux

668 3905 2016 203 Deluc à lui payer avec intérêts suivant la loi la somme de
