3072 4608
737 272 1924 188 Cent Cinquante ; Dit que le cout de l'enregistrement, le cout et la

733 372 1966 188 signification du présent jugement sont à la charge des époux Jonquet

706 460 1978 227 ainsi que les suites qui pourraient y être données. Ainsi jugé les jour

721 549 623 169 mois et an que dessus.

1332 1355 668 142 Dudit jour quatre Juin

718 1424 2004 181 Entre Monsieur Auguste Siégard, fabricant passementier, demeurant

706 1528 2031 153 et domicilié à Paris, rue Mauconseil, numéro quatorze bis ; Demandeur;

706 1612 1939 169 Comparant ; D'une part ; Et primo : Madame veuve Legouge,

714 1708 1943 146 demeurant à Planche de Rebais, arrondissement de Coulommiers,

695 1808 2023 127 Seine et Marne, agissant au nom et comme chargée de l'administration

706 1893 1997 138 de la personne et des biens de son fils mineur Eugène Legouge, apprenti

687 1981 2001 146 passementier ; Défenderesse ; Comparant par son fils auguste Legouge

706 2077 2047 150 garçon de Magasin, demeurant à Paris, rue sainte anne, numéro cinquante

706 2184 2031 112 Cinq, aux termes d'un pouvoir sous seing privé en date à Rebais du vingt

683 2265 1997 127 trois Mai Mil huit cent cinquante huit, Enregistré à Paris, le vingt cinq

687 2357 2039 131 Mai mil huit cent cinquante huit, folio cent cinquante neuf, recto case

683 2446 2051 149 sept, au reçu de deux francs vingt centimes, décime Compris par le receveur

683 2545 1958 139 lequel est annexé à la présente minute ; D'autre part ; Et secondo :

702 2634 2024 150 Monsieur Auguste Legouge, garçon de magasin, demeurant à Paris,

687 2722 2089 154 rue Sainte anne, numéro cinquante cinq, au nom et comme s'étant porté

679 2814 2051 150 fort et responsable de son frère mineur Eugène Legouge ; Défendeur ;

695 2910 2031 142 Comparant ; aussi D'autre part ; Tertio : et Monsieur Joseph Bois,

679 3010 2043 134 fabricant passementier, demeurant et domicilié à Paris, rue neuve des

691 3102 1954 138 petites champs, numéro trente trois, appelé à répondre du fait de

702 3202 2020 123 détournement de l'apprenti Eugène Legouge de chez Siégard, son

687 3290 2043 135 Patron, pour l'employer chez lui en qualité d'apprenti ou d'ouvrier ;

702 3383 1947 130 Défendeur ; Comparant ; aussi D'autre part ; Point de fait

695 3479 2046 122 Par lettres du secrétaire du Conseil de Prud'homme du département de la Seine

691 3575 2077 142 pour l'industrie des tissus en dates des Mecredi douze et samedi vingt deux Mai

695 3663 2062 142 mil huit Cent Cinquante huit Siégard fit citer la dame Veuve Legouge,

687 3774 2050 119 auguste Legouge et Bois à Comparaitre par devant le dit Conseil de

679 3851 2116 146 Prud'hommes séant en Bureau particulier les samedi vingt deux et lundi

679 3943 2089 196 Trente un Mai mil huit Cent Cinquante huit pour se conciller si faire se
