4608 3072
1459 898 2232 133 minute, conformément à la loi du sept aout mil huit cent cinquante,

1459 1006 2214 112 ence, non compris le cout du présente jugement, la signification d’icelui

1441 1085 2212 143 et ses suites. Et vu les articles 435 du code de procédure civile,

1461 1198 2158 135 27 et 42 du secret du onze juin 1809 pour signifier au défendeur le

1454 1300 2153 120 présent jugement, commet Potin, l’un de ses huissiers audienciers.

1446 1395 1285 171 Ainsi jugé les jour moi et ans que dessus.

2191 2196 689 148 Du dit jour cinq Février

1405 2293 2255 149 Entre Mademoiselle Marie Flamand, ouvrière blanchisseuse,

1433 2406 2199 118 demeurant et domiciliée à Paris, rue des moineaux, numéro trois ;

1428 2508 2281 144 Demanderesse ; Comparant ; D’une part ; Et Madame veuve

1692 2611 2027 151 Voyon, blanchisseuse de linge, demeurant et domiciliée

1436 2711 2327 148 à Paris, rue Jeamisson, numéro quatre ; Défenderesse ; Défaillent ;

1423 2810 2332 192 D’autre part ; Point de fait - Par lettre du secrétaire du Conseil
