<?xml version="1.0" encoding="UTF-8"?>
<alto xmlns:xsi="http://www.w3.org/2001/XMLSchema-instance"
      xmlns="http://www.loc.gov/standards/alto/ns-v4#"
      xsi:schemaLocation="http://www.loc.gov/standards/alto/ns-v4# http://www.loc.gov/standards/alto/v4/alto-4-2.xsd">
  <Description>
    <MeasurementUnit>pixel</MeasurementUnit>
    <sourceImageInformation>
      <fileName>PH 1858-71.jpg</fileName>
      
    </sourceImageInformation>
  </Description>
  
  <Tags>
    <OtherTag ID="BT4" LABEL="Illustration" DESCRIPTION="block type Illustration"/><OtherTag ID="BT3" LABEL="Commentary" DESCRIPTION="block type Commentary"/><OtherTag ID="BT2" LABEL="Main" DESCRIPTION="block type Main"/><OtherTag ID="BT1" LABEL="Title" DESCRIPTION="block type Title"/>
    
  </Tags>
  
  <Layout>
    <Page WIDTH="4608"
          HEIGHT="3072"
          PHYSICAL_IMG_NR="72"
          ID="eSc_dummypage_">
      <PrintSpace HPOS="0"
                  VPOS="0"
                  WIDTH="4608"
                  HEIGHT="3072">
        

        
        <TextBlock ID="eSc_dummyblock_">
          
          
          <TextLine ID="r3l16"
                    
                    BASELINE="1341 1428 1448 1436 1556 1441 1663 1446 1771 1452 1878 1457 1986 1460 2093 1464 2201 1467 2308 1470 2416 1473 2523 1476 2631 1479 2738 1482 2846 1485 2953 1488 3061 1492 3168 1497 3276 1501 3383 1506 3491 1512" 
                    HPOS="1338"
                    VPOS="1364"
                    WIDTH="2151"
                    HEIGHT="195">
            <Shape><Polygon POINTS="1338 1425 1338 1464 1382 1451 1436 1469 1482 1484 1484 1484 1728 1495 1730 1495 1733 1495 1771 1484 1835 1466 1922 1489 1930 1492 1932 1492 1935 1492 1937 1492 1940 1492 1966 1477 2117 1477 2183 1492 2186 1492 2188 1492 2286 1484 2378 1510 2380 1510 2383 1510 2385 1510 2439 1489 2485 1507 2488 1507 2490 1510 2636 1510 2718 1525 2769 1536 2772 1536 2803 1530 2900 1507 3036 1533 3038 1533 3184 1530 3215 1546 3217 1546 3220 1546 3223 1546 3269 1530 3481 1559 3489 1510 3489 1466 3468 1454 3466 1454 3463 1454 3461 1454 3333 1461 3215 1431 3212 1431 3210 1431 3207 1431 3146 1448 3107 1433 3105 1433 3102 1433 3028 1448 2997 1423 2995 1423 2992 1423 2990 1423 2987 1423 2967 1433 2867 1408 2864 1408 2467 1395 2465 1395 2462 1395 2460 1395 2411 1423 2408 1425 2357 1420 2183 1405 2181 1405 2124 1413 2106 1413 2101 1410 2081 1397 2078 1397 2076 1397 2073 1397 1984 1405 1955 1408 1935 1402 1863 1387 1861 1387 1858 1387 1832 1400 1825 1402 1799 1397 1640 1364 1638 1364 1635 1364 1589 1390 1582 1392 1338 1379 1338 1425"/></Shape>
	    <String CONTENT="en recevoir l’ordre que de ses ouvriers ou le faire de son propre mouvement ; "
                    HPOS="1338"
                    VPOS="1364"
                    WIDTH="2151"
                    HEIGHT="195"></String>
          </TextLine>

          
          
          <TextLine ID="r3l17"
                    
                    BASELINE="1362 1542 1469 1549 1577 1557 1685 1563 1793 1570 1901 1577 2008 1582 2116 1589 2224 1593 2332 1598 2440 1604 2547 1608 2655 1613 2763 1618 2871 1623 2979 1628 3086 1633 3194 1638 3302 1643 3410 1649 3518 1653" 
                    HPOS="1359"
                    VPOS="1448"
                    WIDTH="2158"
                    HEIGHT="256">
            <Shape><Polygon POINTS="1361 1541 1359 1561 1418 1582 1420 1582 1423 1582 1425 1582 1428 1582 1448 1569 1454 1566 1548 1569 1571 1576 1674 1605 1676 1605 1679 1605 1766 1589 1797 1584 1825 1594 1879 1612 1881 1612 1884 1612 1886 1612 1917 1600 1955 1630 1958 1630 1960 1630 2112 1638 2114 1638 2117 1638 2178 1617 2209 1607 2383 1612 2416 1633 2455 1656 2457 1656 2460 1656 2560 1661 2562 1661 2565 1661 2606 1646 2644 1630 2698 1651 2723 1661 2726 1661 2728 1661 2762 1656 2839 1640 2984 1643 3020 1669 3023 1669 3025 1669 3028 1669 3031 1669 3102 1651 3207 1666 3210 1666 3302 1658 3363 1676 3366 1676 3368 1676 3420 1671 3509 1704 3517 1651 3517 1597 3409 1548 3407 1548 3187 1538 3184 1538 3046 1569 3043 1569 3041 1569 2951 1525 2949 1525 2803 1518 2800 1518 2798 1518 2795 1518 2746 1548 2746 1551 2744 1548 2708 1523 2705 1523 2703 1523 2700 1523 2698 1523 2636 1543 2606 1551 2383 1541 2362 1525 2347 1512 2344 1512 2342 1512 2339 1512 2291 1520 2245 1528 2219 1515 2173 1492 2170 1492 2168 1492 2027 1497 1991 1477 1989 1477 1986 1477 1984 1477 1981 1477 1914 1495 1884 1482 1881 1482 1879 1482 1876 1482 1850 1492 1802 1510 1748 1489 1745 1489 1743 1489 1740 1489 1710 1505 1538 1497 1482 1469 1441 1448 1438 1448 1436 1448 1364 1459 1361 1541"/></Shape>
	    <String CONTENT="Demande la rentrée de l’apprenti ou cent francs d’indemnité. Le Bureau "
                    HPOS="1359"
                    VPOS="1448"
                    WIDTH="2158"
                    HEIGHT="256"></String>
          </TextLine>

          
          
          <TextLine ID="r3l18"
                    
                    BASELINE="1344 1689 1452 1692 1561 1697 1669 1700 1778 1703 1886 1706 1995 1710 2103 1713 2212 1716 2320 1721 2429 1724 2538 1727 2646 1730 2755 1734 2863 1737 2972 1740 3080 1743 3189 1746 3297 1749 3406 1752 3515 1755" 
                    HPOS="1344"
                    VPOS="1592"
                    WIDTH="2170"
                    HEIGHT="176">
            <Shape><Polygon POINTS="1344 1687 1344 1715 1379 1704 1413 1717 1420 1720 1423 1720 1538 1722 1541 1722 1543 1722 1546 1722 1548 1720 1569 1710 1661 1710 1676 1725 1679 1728 1681 1728 1684 1728 1687 1728 1728 1725 1832 1717 1856 1728 1866 1733 1868 1733 1871 1733 1907 1730 1978 1722 2045 1733 2091 1740 2094 1740 2191 1738 2298 1733 2311 1740 2319 1745 2321 1745 2324 1745 2327 1745 2406 1743 2506 1738 2613 1748 2759 1761 3509 1768 3514 1753 3514 1687 3443 1694 3422 1684 3374 1656 3371 1656 3368 1656 3366 1656 3320 1681 3304 1669 3302 1669 3299 1669 3297 1669 3246 1679 3182 1694 3151 1679 3089 1643 3087 1643 3084 1643 3082 1643 3002 1674 2969 1687 2908 1674 2905 1674 2846 1684 2818 1671 2777 1651 2775 1651 2772 1651 2769 1651 2736 1669 2726 1674 2670 1669 2583 1658 2580 1658 2577 1658 2562 1666 2542 1674 2439 1674 2426 1664 2396 1638 2393 1638 2391 1638 2388 1638 2385 1638 2383 1638 2350 1661 2339 1666 2224 1661 2219 1658 2176 1638 2173 1638 2170 1638 2168 1638 2106 1656 2094 1658 2065 1656 1971 1643 1968 1643 1966 1643 1935 1653 1925 1656 1914 1653 1809 1602 1807 1602 1507 1592 1448 1592 1446 1592 1443 1592 1344 1635 1344 1687"/></Shape>
	    <String CONTENT="Particulier dut d’avis que Bonnefoy ne s’étant pas renfermé dans les conditions "
                    HPOS="1344"
                    VPOS="1592"
                    WIDTH="2170"
                    HEIGHT="176"></String>
          </TextLine>

          
          
          <TextLine ID="r3l19"
                    
                    BASELINE="1371 1785 1477 1788 1584 1792 1690 1796 1797 1799 1903 1802 2010 1806 2116 1809 2223 1812 2329 1817 2436 1820 2542 1823 2649 1826 2755 1830 2862 1833 2968 1835 3075 1839 3181 1841 3288 1844 3394 1847 3501 1850" 
                    HPOS="1367"
                    VPOS="1704"
                    WIDTH="2132"
                    HEIGHT="162">
            <Shape><Polygon POINTS="1367 1799 3494 1866 3499 1848 3499 1792 3256 1792 3225 1779 3156 1756 3153 1756 3151 1756 3148 1756 3115 1768 3064 1753 3061 1753 3059 1753 3056 1753 3015 1771 2987 1781 2951 1768 2895 1748 2892 1748 2890 1748 2887 1748 2844 1763 2818 1774 2795 1761 2792 1761 2790 1761 2787 1761 2785 1761 2782 1761 2764 1774 2501 1756 2498 1756 2396 1763 2365 1743 2350 1733 2347 1733 2344 1733 2219 1728 2216 1728 2214 1728 2196 1738 2160 1756 2078 1756 2035 1730 2019 1722 2017 1722 1963 1720 1960 1720 1958 1720 1940 1728 1881 1748 1856 1725 1853 1725 1850 1725 1848 1725 1845 1725 1809 1738 1781 1720 1774 1715 1771 1715 1768 1715 1605 1710 1602 1710 1600 1710 1589 1712 1530 1728 1507 1710 1505 1710 1502 1710 1500 1710 1497 1710 1495 1710 1477 1722 1454 1707 1451 1704 1448 1704 1446 1704 1372 1704 1369 1784 1367 1799"/></Shape>
	    <String CONTENT="de la conciliation du douze Décembre dernier il y avait lui à rompre "
                    HPOS="1367"
                    VPOS="1704"
                    WIDTH="2132"
                    HEIGHT="162"></String>
          </TextLine>

          
          
          <TextLine ID="r3l20"
                    
                    BASELINE="1359 1886 1466 1889 1573 1892 1681 1895 1788 1899 1896 1902 2003 1905 2110 1909 2218 1913 2325 1916 2433 1919 2540 1923 2647 1926 2755 1929 2862 1932 2970 1935 3077 1938 3184 1941 3292 1944 3399 1946 3507 1949" 
                    HPOS="1354"
                    VPOS="1802"
                    WIDTH="2150"
                    HEIGHT="166">
            <Shape><Polygon POINTS="1356 1884 1354 1904 3499 1968 3504 1948 3499 1863 3422 1894 3379 1876 3376 1876 3374 1876 3371 1876 3335 1889 3087 1886 3033 1861 3031 1861 3028 1861 2920 1879 2859 1853 2849 1850 2846 1850 2731 1840 2728 1840 2664 1850 2570 1868 2534 1848 2513 1838 2511 1838 2508 1838 2506 1838 2467 1848 2429 1858 2408 1848 2391 1838 2388 1838 2385 1838 2342 1845 2283 1858 2158 1858 2137 1843 2106 1822 2104 1822 2101 1822 2042 1820 1843 1815 1840 1815 1838 1815 1784 1838 1774 1843 1748 1838 1707 1830 1704 1830 1648 1838 1615 1840 1587 1835 1415 1802 1413 1802 1410 1802 1356 1827 1356 1884"/></Shape>
	    <String CONTENT="l’apprentissage sans indemnité. Bonnefoy n’ayant pas consenti à la "
                    HPOS="1354"
                    VPOS="1802"
                    WIDTH="2150"
                    HEIGHT="166"></String>
          </TextLine>

          
          
          <TextLine ID="r3l21"
                    
                    BASELINE="1358 1989 1466 1992 1575 1995 1683 1998 1792 2001 1901 2004 2009 2007 2118 2009 2227 2012 2335 2015 2444 2016 2553 2019 2661 2022 2770 2025 2879 2028 2987 2031 3096 2034 3205 2037 3313 2040 3422 2045 3531 2048" 
                    HPOS="1354"
                    VPOS="1896"
                    WIDTH="2176"
                    HEIGHT="172">
            <Shape><Polygon POINTS="1356 1986 1354 2012 1474 2004 1620 2022 1648 2024 1651 2024 1669 2024 1768 2012 1802 2027 1809 2030 1812 2030 1815 2030 1848 2027 1971 2017 2063 2032 2091 2037 2268 2042 2270 2042 2273 2042 2286 2037 2321 2027 2403 2042 2442 2048 2444 2048 2531 2045 2713 2037 2739 2050 2749 2055 2752 2055 2754 2055 2790 2050 2856 2042 2887 2053 2905 2060 2908 2060 2910 2060 2944 2055 2984 2048 3008 2055 3018 2060 3020 2060 3023 2060 3061 2058 3151 2050 3525 2068 3530 2048 3530 1986 3453 1955 3450 1955 3448 1955 3445 1955 3389 1984 3386 1984 3384 1984 3322 1966 3320 1966 3317 1966 3315 1966 3312 1966 3297 1978 3279 1963 3276 1963 3274 1963 3271 1963 3269 1963 3230 1978 3223 1981 3107 1981 3084 1973 2961 1940 2959 1940 2956 1940 2954 1940 2890 1958 2833 1935 2831 1935 2828 1935 2757 1950 2629 1930 2626 1930 2624 1930 2621 1930 2598 1945 2585 1935 2583 1935 2580 1935 2577 1935 2449 1953 2439 1953 2437 1953 2398 1925 2396 1925 2393 1925 2332 1922 2329 1922 2234 1945 2199 1953 2035 1950 2017 1937 1996 1925 1994 1925 1991 1925 1989 1925 1912 1935 1848 1943 1832 1932 1799 1907 1797 1907 1794 1907 1745 1904 1676 1904 1674 1904 1671 1904 1669 1904 1635 1925 1617 1937 1566 1937 1536 1922 1479 1896 1477 1896 1474 1896 1356 1914 1356 1986"/></Shape>
	    <String CONTENT="rupture des conventions verbales d’apprentissage par la voie de conciliation "
                    HPOS="1354"
                    VPOS="1896"
                    WIDTH="2176"
                    HEIGHT="172"></String>
          </TextLine>

          
          
          <TextLine ID="r3l22"
                    
                    BASELINE="1341 2093 1449 2096 1558 2097 1667 2099 1776 2102 1884 2103 1993 2106 2102 2108 2211 2109 2319 2111 2428 2114 2537 2116 2646 2118 2754 2120 2863 2123 2972 2126 3081 2128 3189 2132 3298 2135 3407 2138 3516 2141" 
                    HPOS="1338"
                    VPOS="1999"
                    WIDTH="2176"
                    HEIGHT="164">
            <Shape><Polygon POINTS="1338 2091 1338 2117 1438 2106 1466 2119 1469 2119 1472 2119 1669 2112 3509 2163 3514 2140 3512 2050 3345 2042 3343 2042 3340 2042 3338 2042 3330 2048 3294 2071 3240 2073 3189 2053 3187 2053 3184 2053 3182 2053 3130 2071 3069 2045 3041 2035 3038 2035 3036 2035 3033 2035 3005 2045 2944 2068 2897 2045 2874 2032 2872 2032 2703 2027 2700 2027 2698 2027 2649 2042 2593 2060 2521 2055 2506 2042 2480 2022 2478 2022 2475 2022 2472 2022 2470 2022 2432 2037 2391 2022 2388 2022 2385 2022 2383 2022 2332 2040 2296 2053 2022 2050 1927 2048 1914 2037 1884 2012 1881 2012 1879 2012 1876 2012 1822 2019 1794 2007 1792 2007 1789 2007 1500 2027 1448 1999 1446 1999 1443 1999 1441 1999 1374 2035 1338 2035 1338 2091"/></Shape>
	    <String CONTENT="la cause fut renvoyée devant le Bureau Général du dit Conseil séant "
                    HPOS="1338"
                    VPOS="1999"
                    WIDTH="2176"
                    HEIGHT="164"></String>
          </TextLine>

          
          
          <TextLine ID="r3l23"
                    
                    BASELINE="1341 2196 1447 2196 1553 2198 1659 2199 1765 2199 1872 2201 1978 2203 2084 2205 2190 2207 2296 2210 2403 2213 2509 2215 2615 2217 2721 2220 2827 2223 2934 2225 3040 2228 3146 2230 3252 2232 3358 2234 3465 2235" 
                    HPOS="1338"
                    VPOS="2104"
                    WIDTH="2125"
                    HEIGHT="153">
            <Shape><Polygon POINTS="3463 2152 3445 2142 3443 2142 3440 2142 3210 2140 3207 2140 3205 2140 3182 2152 3164 2160 3092 2150 3084 2150 3082 2150 3079 2150 3077 2150 3048 2170 2936 2170 2892 2145 2890 2145 2887 2145 2885 2145 2877 2145 2775 2163 2690 2150 2688 2150 2565 2160 2516 2137 2503 2132 2501 2132 2498 2132 2496 2132 2483 2137 2432 2158 2373 2158 2347 2137 2344 2137 2342 2137 2339 2137 2337 2137 2334 2137 2309 2155 2173 2155 2142 2129 2127 2117 2124 2117 2122 2117 2119 2117 2117 2117 2078 2127 2001 2150 1955 2124 1935 2114 1932 2114 1930 2114 1927 2114 1894 2124 1825 2145 1763 2122 1735 2109 1733 2109 1617 2109 1615 2109 1612 2109 1610 2109 1597 2117 1564 2137 1502 2114 1472 2104 1469 2104 1466 2104 1420 2114 1369 2124 1341 2112 1338 2193 1338 2219 1594 2211 1635 2227 1640 2227 1643 2227 1646 2227 1648 2227 1653 2227 1697 2214 1835 2229 1866 2232 1868 2232 1940 2232 2265 2224 2342 2240 2352 2240 2355 2240 2365 2240 2419 2229 2506 2242 2534 2245 2536 2245 2606 2242 2808 2237 2854 2247 2864 2250 2867 2250 2869 2250 2872 2250 2880 2247 2910 2240 2936 2250 2946 2252 2949 2252 2951 2252 2982 2250 3061 2242 3458 2257 3463 2234 3463 2152"/></Shape>
	    <String CONTENT="le vendredi vingt neuf janvier mil huit cent cinquante huit. Cité "
                    HPOS="1338"
                    VPOS="2104"
                    WIDTH="2125"
                    HEIGHT="153"></String>
          </TextLine>

          
          
          <TextLine ID="r3l24"
                    
                    BASELINE="1341 2295 1453 2297 1566 2300 1678 2301 1791 2303 1903 2306 2016 2307 2129 2310 2241 2312 2354 2315 2466 2318 2579 2319 2691 2322 2804 2324 2917 2327 3029 2328 3142 2330 3254 2332 3367 2334 3480 2336" 
                    HPOS="1336"
                    VPOS="2209"
                    WIDTH="2143"
                    HEIGHT="148">
            <Shape><Polygon POINTS="1338 2293 1336 2319 1602 2314 1904 2332 1953 2334 1955 2334 1976 2334 2086 2324 2140 2337 2158 2339 2160 2339 2186 2337 2273 2327 2311 2339 2321 2342 2324 2342 2327 2342 2347 2339 2403 2332 2475 2342 2498 2344 2501 2344 2544 2342 2662 2337 2677 2344 2688 2350 2690 2350 2693 2350 2718 2347 2772 2337 2821 2347 2844 2352 3473 2357 3479 2334 3476 2268 3438 2270 3425 2265 3384 2247 3381 2247 3256 2245 3253 2245 3251 2245 3225 2257 3128 2242 3125 2242 3123 2242 3120 2242 3089 2260 3079 2268 3031 2260 2995 2255 2992 2255 2990 2255 2974 2260 2946 2268 2908 2257 2813 2234 2810 2234 2754 2234 2752 2234 2749 2234 2746 2234 2713 2255 2700 2263 2554 2263 2544 2252 2536 2245 2534 2245 2531 2245 2529 2245 2526 2245 2511 2252 2501 2257 2319 2257 2306 2250 2273 2229 2270 2229 2268 2229 2265 2229 2263 2229 2193 2247 2178 2252 2173 2247 2140 2222 2137 2222 2135 2222 2022 2222 2019 2222 2017 2222 2014 2222 1978 2245 1973 2247 1838 2247 1832 2242 1776 2216 1774 2216 1771 2216 1768 2216 1725 2234 1643 2222 1640 2222 1638 2222 1612 2234 1553 2211 1551 2211 1548 2211 1546 2211 1492 2229 1466 2209 1464 2209 1461 2209 1459 2209 1338 2234 1338 2293"/></Shape>
	    <String CONTENT="pour le dit jour vingt huit janvier Bonnefoy comparut. A l’appel "
                    HPOS="1336"
                    VPOS="2209"
                    WIDTH="2143"
                    HEIGHT="148"></String>
          </TextLine>

          
          
          <TextLine ID="r3l25"
                    
                    BASELINE="1349 2399 1458 2400 1567 2402 1677 2405 1786 2406 1896 2408 2005 2411 2114 2412 2224 2414 2333 2417 2443 2418 2552 2420 2661 2421 2771 2424 2880 2426 2990 2427 3099 2429 3208 2430 3318 2432 3427 2433 3537 2436" 
                    HPOS="1346"
                    VPOS="2314"
                    WIDTH="2189"
                    HEIGHT="151">
            <Shape><Polygon POINTS="3535 2375 3504 2362 3502 2362 3499 2362 3425 2375 3402 2378 3389 2373 3304 2342 3302 2342 3299 2342 3297 2342 3210 2370 3207 2370 3087 2373 3061 2365 3028 2355 3025 2355 3023 2355 2959 2362 2918 2368 2905 2360 2867 2342 2864 2342 2772 2332 2769 2332 2670 2350 2644 2334 2641 2334 2639 2334 2636 2334 2634 2334 2631 2334 2600 2352 2583 2365 2460 2365 2403 2347 2339 2332 2337 2332 2334 2332 2332 2332 2291 2344 2250 2360 2147 2360 2106 2339 2063 2321 2060 2321 2058 2321 1930 2334 1909 2324 1907 2324 1904 2324 1902 2324 1876 2334 1838 2352 1804 2332 1779 2316 1776 2316 1774 2316 1623 2314 1620 2314 1617 2314 1589 2327 1551 2347 1479 2324 1454 2316 1451 2316 1448 2316 1446 2316 1423 2324 1384 2334 1349 2321 1346 2398 1346 2416 1497 2416 1502 2419 1520 2429 1523 2429 1525 2429 1528 2429 1638 2419 1656 2419 1658 2421 1676 2434 1679 2434 1681 2434 1822 2439 1825 2439 2022 2426 2032 2426 2216 2426 2222 2429 2250 2444 2252 2444 2255 2444 2672 2437 2723 2437 2726 2437 2764 2455 2767 2455 2910 2457 2913 2457 2915 2457 2972 2442 2974 2442 2982 2442 3169 2460 3171 2460 3174 2460 3215 2444 3217 2444 3220 2444 3243 2460 3246 2460 3248 2460 3251 2460 3374 2449 3450 2465 3453 2465 3532 2449 3535 2434 3535 2375"/></Shape>
	    <String CONTENT="de la cause la veuve Reymond, ès nom qu’elle agit, se présenta et conclu "
                    HPOS="1346"
                    VPOS="2314"
                    WIDTH="2189"
                    HEIGHT="151"></String>
          </TextLine>

          
          
          <TextLine ID="r3l26"
                    
                    BASELINE="1346 2502 1454 2504 1563 2505 1672 2507 1781 2508 1890 2510 1998 2511 2107 2513 2216 2514 2325 2516 2434 2517 2542 2519 2651 2520 2760 2522 2869 2523 2978 2525 3086 2526 3195 2528 3304 2529 3413 2531 3522 2532" 
                    HPOS="1341"
                    VPOS="2419"
                    WIDTH="2179"
                    HEIGHT="148">
            <Shape><Polygon POINTS="1344 2501 1341 2511 1536 2534 1538 2534 1687 2519 1763 2544 1766 2544 1768 2544 1853 2526 1886 2547 1889 2547 1891 2547 1894 2547 1896 2547 1935 2526 2037 2547 2040 2547 2042 2547 2045 2547 2068 2531 2140 2531 2168 2549 2170 2549 2173 2549 2176 2549 2178 2549 2242 2531 2304 2549 2306 2549 2309 2549 2311 2549 2357 2531 2444 2549 2447 2549 2608 2534 2624 2547 2626 2547 2629 2547 2631 2547 2749 2536 2851 2554 2854 2554 3015 2539 3159 2565 3161 2565 3389 2544 3468 2567 3471 2567 3473 2567 3476 2567 3479 2567 3517 2542 3520 2531 3517 2478 3125 2472 3123 2470 3095 2449 3092 2449 3089 2449 2977 2437 2974 2437 2872 2457 2846 2444 2844 2444 2841 2444 2839 2444 2785 2465 2782 2465 2780 2465 2708 2449 2705 2449 2647 2462 2636 2465 2629 2462 2560 2432 2557 2432 2554 2432 2552 2432 2452 2460 2403 2429 2401 2429 2398 2429 2396 2429 2314 2442 2257 2426 2255 2426 2252 2426 2250 2426 2188 2457 2183 2457 2178 2457 2076 2424 2073 2424 1963 2424 1960 2424 1958 2424 1955 2424 1930 2439 1902 2424 1899 2424 1896 2424 1894 2424 1891 2424 1853 2452 1848 2455 1776 2455 1768 2449 1717 2419 1715 2419 1712 2419 1710 2419 1344 2442 1344 2501"/></Shape>
	    <String CONTENT="à ce qu’il plus au Bureau Général du dit Conseil attendu que depuis son "
                    HPOS="1341"
                    VPOS="2419"
                    WIDTH="2179"
                    HEIGHT="148"></String>
          </TextLine>

          
          
          <TextLine ID="r3l27"
                    
                    BASELINE="1331 2607 1441 2608 1551 2610 1661 2612 1771 2612 1881 2613 1991 2615 2102 2616 2212 2618 2322 2619 2432 2619 2542 2621 2652 2622 2762 2624 2873 2624 2983 2625 3093 2627 3203 2627 3313 2628 3423 2630 3534 2631" 
                    HPOS="1326"
                    VPOS="2521"
                    WIDTH="2206"
                    HEIGHT="159">
            <Shape><Polygon POINTS="1328 2606 1326 2621 1571 2664 1574 2667 1694 2667 1694 2664 1697 2664 1774 2629 1781 2626 1789 2629 1861 2654 1863 2654 1866 2654 1868 2654 1914 2631 1955 2652 1958 2652 1960 2652 1963 2652 2017 2634 2250 2634 2255 2636 2306 2672 2309 2672 2311 2672 2314 2672 2316 2672 2385 2649 2419 2670 2421 2670 2424 2670 2426 2670 2429 2670 2493 2639 2508 2634 2575 2641 2731 2659 2734 2659 2736 2659 2795 2644 2808 2641 2813 2644 2856 2677 2859 2677 2862 2677 2864 2680 3000 2680 3000 2677 3002 2677 3059 2649 3079 2639 3187 2639 3223 2652 3246 2659 3248 2659 3251 2659 3253 2659 3269 2652 3284 2644 3330 2652 3371 2659 3374 2659 3376 2659 3389 2654 3412 2641 3527 2654 3532 2629 3530 2575 3479 2575 3476 2572 3443 2549 3440 2549 3438 2549 3435 2549 3146 2570 3133 2570 3130 2570 3084 2539 3082 2539 3079 2539 3077 2539 2982 2554 2961 2539 2959 2539 2956 2539 2854 2536 2851 2536 2849 2536 2785 2560 2746 2534 2744 2534 2741 2534 2659 2534 2657 2534 2654 2534 2598 2565 2595 2565 2519 2531 2516 2531 2513 2531 2316 2562 2304 2562 2301 2562 2237 2529 2234 2529 2132 2529 2129 2529 2127 2529 2088 2549 2037 2526 2035 2526 2032 2526 1825 2557 1815 2557 1802 2557 1702 2539 1699 2539 1697 2539 1664 2554 1661 2554 1505 2554 1505 2552 1461 2521 1459 2521 1456 2521 1423 2521 1420 2521 1418 2521 1328 2549 1328 2606"/></Shape>
	    <String CONTENT="entrée en apprentissage chez Bonnefoy son fils n’a été employé qu’à des travaux "
                    HPOS="1326"
                    VPOS="2521"
                    WIDTH="2206"
                    HEIGHT="159"></String>
          </TextLine>

          
          
          <TextLine ID="r3l28"
                    
                    BASELINE="1298 2714 1408 2715 1519 2717 1630 2718 1741 2720 1852 2720 1963 2721 2074 2721 2185 2723 2296 2723 2407 2723 2517 2724 2628 2724 2739 2724 2850 2726 2961 2726 3072 2726 3183 2727 3294 2729 3405 2729 3516 2730" 
                    HPOS="1295"
                    VPOS="2626"
                    WIDTH="2219"
                    HEIGHT="138">
            <Shape><Polygon POINTS="1297 2713 1295 2728 1351 2746 1354 2746 1356 2746 1420 2734 1469 2752 1472 2752 1474 2752 1653 2734 1735 2752 1738 2752 1740 2752 1743 2752 1763 2736 1853 2754 1856 2754 1930 2739 2009 2754 2012 2754 2232 2736 2242 2736 2250 2736 2360 2757 2362 2757 2365 2757 2414 2741 2552 2752 2554 2752 2657 2739 2667 2739 2675 2739 2775 2762 2777 2764 2928 2764 2928 2762 2931 2762 2961 2746 3041 2759 3043 2759 3046 2759 3100 2741 3105 2741 3107 2741 3138 2764 3141 2764 3143 2764 3146 2764 3148 2764 3182 2746 3512 2744 3514 2728 3514 2649 3361 2639 3358 2639 3356 2639 3353 2639 3345 2647 3304 2675 3210 2662 3207 2662 3061 2672 3031 2652 3028 2652 3025 2652 3023 2652 3020 2652 2979 2675 2846 2675 2800 2641 2795 2636 2792 2636 2790 2636 2787 2636 2759 2639 2618 2664 2539 2639 2534 2636 2531 2636 2529 2636 2526 2636 2524 2636 2472 2662 2408 2636 2396 2631 2393 2631 2391 2631 2388 2631 2378 2636 2329 2659 2255 2634 2250 2634 2247 2634 2040 2631 2037 2631 2035 2631 2032 2631 1973 2664 1876 2634 1873 2634 1871 2634 1868 2634 1866 2634 1815 2664 1740 2649 1738 2649 1735 2649 1679 2664 1512 2664 1443 2629 1441 2629 1297 2626 1297 2713"/></Shape>
	    <String CONTENT="d’homme de peine ; attendu que nonobstant l’engagement pris devant  "
                    HPOS="1295"
                    VPOS="2626"
                    WIDTH="2219"
                    HEIGHT="138"></String>
          </TextLine>

          
          
          <TextLine ID="r3l29"
                    
                    BASELINE="1316 2810 1424 2813 1532 2816 1640 2819 1748 2820 1856 2822 1964 2822 2073 2823 2181 2823 2289 2825 2397 2825 2505 2825 2613 2825 2721 2825 2830 2825 2938 2825 3046 2826 3154 2826 3262 2828 3370 2829 3479 2831" 
                    HPOS="1313"
                    VPOS="2726"
                    WIDTH="2163"
                    HEIGHT="143">
            <Shape><Polygon POINTS="1315 2808 1313 2841 1402 2849 1405 2849 1408 2849 1428 2844 1477 2831 1707 2846 1817 2851 1820 2851 1822 2851 1835 2846 1856 2836 1894 2846 1922 2854 1925 2854 1927 2854 1996 2846 2124 2833 2209 2849 2268 2859 2270 2859 2273 2859 2293 2849 2321 2836 2506 2851 2526 2851 2529 2851 2542 2851 2664 2839 2711 2851 2749 2864 2752 2864 3143 2867 3146 2867 3148 2867 3151 2867 3166 2856 3182 2844 3205 2856 3217 2862 3220 2862 3223 2862 3225 2862 3240 2856 3256 2849 3266 2856 3284 2869 3287 2869 3289 2869 3292 2869 3294 2869 3297 2869 3317 2856 3335 2846 3471 2856 3476 2828 3471 2749 3389 2762 3269 2746 3233 2744 3230 2744 3228 2744 3220 2746 3159 2772 3082 2746 3064 2741 3061 2741 3059 2741 3056 2741 3038 2746 2967 2772 2826 2772 2780 2746 2769 2739 2767 2739 2764 2739 2762 2739 2759 2739 2757 2739 2749 2746 2705 2775 2672 2775 2544 2746 2542 2746 2539 2746 2536 2746 2496 2772 2403 2772 2360 2744 2344 2734 2342 2734 2339 2734 2091 2731 2088 2731 2086 2731 2060 2744 2014 2764 1948 2746 1945 2746 1943 2746 1881 2754 1866 2741 1856 2734 1853 2734 1850 2734 1848 2734 1804 2741 1756 2752 1735 2741 1728 2739 1725 2739 1722 2739 1720 2739 1717 2739 1715 2741 1684 2762 1500 2762 1461 2741 1431 2726 1428 2726 1425 2726 1315 2739 1315 2808"/></Shape>
	    <String CONTENT="le Bureau Particulier du douze Décembre dernier de ne plus faire porter "
                    HPOS="1313"
                    VPOS="2726"
                    WIDTH="2163"
                    HEIGHT="143"></String>
          </TextLine>

          
          
          <TextLine ID="r3l30"
                    
                    BASELINE="1281 2924 1392 2925 1503 2925 1614 2927 1726 2928 1837 2930 1948 2930 2059 2931 2171 2931 2282 2933 2393 2933 2504 2934 2616 2934 2727 2934 2838 2934 2949 2934 3061 2933 3172 2933 3283 2931 3394 2930 3506 2928" 
                    HPOS="1280"
                    VPOS="2841"
                    WIDTH="2224"
                    HEIGHT="184">
            <Shape><Polygon POINTS="1280 2923 1282 3023 1361 2990 1446 3023 1448 3023 1451 3023 1454 3025 1594 3025 1594 3023 1597 3023 1602 3020 1681 2977 1730 2990 1733 2990 1735 2990 1738 2990 1740 2990 1761 2977 2014 2990 2017 2990 2019 2990 2071 2977 2257 3018 2291 3023 2293 3025 2511 3025 2511 3023 2513 3023 2534 3015 2606 2984 2675 2982 2708 3002 2711 3002 2713 3002 2716 3002 2718 3002 2775 2977 2892 2977 3000 3013 3033 3023 3036 3023 3038 3025 3092 3025 3092 3023 3095 3023 3120 3010 3159 2992 3197 3002 3200 3002 3202 3002 3205 3002 3207 3002 3246 2977 3271 2977 3328 3010 3345 3023 3348 3023 3351 3023 3353 3023 3502 3008 3504 2926 3504 2872 3461 2841 3458 2841 3456 2841 3453 2841 3450 2841 3384 2872 3381 2872 3379 2872 3328 2859 3325 2859 3322 2859 3320 2859 3284 2872 3279 2874 2880 2874 2869 2869 2775 2841 2772 2841 2769 2841 2767 2841 2764 2841 2734 2864 2680 2869 2644 2872 2636 2869 2575 2841 2572 2841 2570 2841 2567 2841 2506 2869 2496 2872 2475 2869 2396 2851 2393 2851 2311 2867 2298 2869 2291 2867 2227 2841 2224 2841 1917 2841 1914 2841 1912 2841 1909 2841 1879 2862 1776 2854 1774 2854 1771 2854 1745 2864 1728 2872 1594 2872 1579 2864 1512 2841 1510 2841 1361 2841 1359 2841 1356 2841 1280 2862 1280 2923"/></Shape>
	    <String CONTENT="de fardeaux ni traîner la voiture par l’apprenti, Bonnefoy n’en pas "
                    HPOS="1280"
                    VPOS="2841"
                    WIDTH="2224"
                    HEIGHT="184"></String>
          </TextLine>

          
        </TextBlock>
        
      </PrintSpace>
    </Page>
  </Layout>
</alto>
