4608 3072
1141 665 2806 243 trois ; Condamne Viéville aux dépens taxé et liquidés en vers

1128 832 2822 202 les demandeurs à la somme de six francs trente six centimes et à

1159 970 2793 194 celle de deux francs vingt cinq centimes envers le Tésor Public

1123 1100 2845 203 pour le papier timbré de la présente minute, le papier timbré et

1144 1246 2826 185 l’enregistrement de la citation, conformément à la loi du sept aout

1134 1397 2831 162 mil huit cent cinquante, ence, non compris le cout du présent jugement,

1136 1523 2844 169 la signification d’icelui et ses suites. Et vu les articles 435 du code de

1100 1671 2893 182 procédure civile, 27 et 42 du décret du onze juin 1809, pour signifier

1128 1804 2873 174 au défendeur le présent jugement, commet Fontaine, l’un de ces

1149 1978 2857 187 huissiers audiencier. Ainsi jugé les jour, mois et ans que dessus.
