4608 3072
1369 386 2238 236 huit, visé pour timbre et enregistrement à Paris, le deux Février mil

1336 494 2283 227 huit cent cinquante huit, en délier de une franc cinquante centimes,

1346 601 2322 228 folio soixante cinq, case sept, signé : L. Devon Wéber ne

1367 698 2240 223 comparut pas. A l’appel de la cause Aurer se présenta et conclut

1454 806 2188 212 à ce qu’il plut au Bureau Général du dit conseil donner défaut contre

1341 916 2324 223 Wéber non comparant ni personne pour lui quoique dument appelé

1346 1026 2289 187 et pour le profit le condamner à lui payer avec intérêts suivant

1354 1146 2281 164 la loi la somme de trente six francs qu’il lui doit pour prix de travaux

1277 1244 2307 192 par lui fait pour son comptes et d’après ses ordres, plus une

1344 1369 2309 172 indemnité pour le préjudice de perte de temps qu’il a fait éprouver

1336 1477 2281 158 en ne comparant pas devant les Bureaux du Conseil et les

1351 1582 2263 140 dépens. Point de droit - Devait-on donner défaut contre

1351 1699 2304 128 Wéber non comparant ni personne pour lui quoique dument

1356 1815 2302 138 appelé et pour le profit adjuger au demandeur les conclusions

1356 1932 2294 121 par lui précédemment prises ? Que devait-on statuer à

1341 2022 2353 128 l’égard des dépens ? Après avoir entendu Aurer en ses demandes et

1303 2137 2380 128 conclusions et en avoir délibéré conformément à la loi ; attendu

1341 2245 2307 146 que la demande de Aurer parait juste et fondée ; que d’ailleurs

1331 2357 2381 159 elle n’est pas contestée par Wéber non comparant ni personne
