<?xml version="1.0" encoding="UTF-8"?>
<alto xmlns:xsi="http://www.w3.org/2001/XMLSchema-instance"
      xmlns="http://www.loc.gov/standards/alto/ns-v4#"
      xsi:schemaLocation="http://www.loc.gov/standards/alto/ns-v4# http://www.loc.gov/standards/alto/v4/alto-4-2.xsd">
  <Description>
    <MeasurementUnit>pixel</MeasurementUnit>
    <sourceImageInformation>
      <fileName>PH 1858-575.jpg</fileName>
      
    </sourceImageInformation>
  </Description>
  
  <Tags>
    <OtherTag ID="BT4" LABEL="Illustration" DESCRIPTION="block type Illustration"/><OtherTag ID="BT3" LABEL="Commentary" DESCRIPTION="block type Commentary"/><OtherTag ID="BT2" LABEL="Main" DESCRIPTION="block type Main"/><OtherTag ID="BT1" LABEL="Title" DESCRIPTION="block type Title"/>
    
  </Tags>
  
  <Layout>
    <Page WIDTH="3072"
          HEIGHT="4608"
          PHYSICAL_IMG_NR="156"
          ID="eSc_dummypage_">
      <PrintSpace HPOS="0"
                  VPOS="0"
                  WIDTH="3072"
                  HEIGHT="4608">
        

        
        <TextBlock ID="eSc_dummyblock_">
          
          
          <TextLine ID="r1l1"
                    
                    BASELINE="726 390 823 389 921 389 1019 389 1117 390 1215 393 1312 396 1410 401 1508 406 1606 411 1704 417 1801 422 1899 427 1997 432 2095 438 2193 443 2290 446 2388 449 2486 452 2584 452 2682 452" 
                    HPOS="721"
                    VPOS="284"
                    WIDTH="1959"
                    HEIGHT="195">
            <Shape><Polygon POINTS="725 387 721 414 2672 479 2680 449 2680 380 2603 341 2599 341 2595 341 2592 341 2588 341 2549 372 2538 384 2442 384 2423 368 2388 334 2384 334 2380 334 2376 334 2261 357 2192 372 1927 345 1923 345 1808 357 1785 334 1781 334 1781 330 1777 330 1774 330 1770 330 1766 330 1758 334 1708 357 1582 334 1578 334 1397 345 1274 311 1224 295 1221 295 725 284 725 387"/></Shape>
	    <String CONTENT="concilier si faire se pouvait sur la demande qu&#x27;il entendait former "
                    HPOS="721"
                    VPOS="284"
                    WIDTH="1959"
                    HEIGHT="195"></String>
          </TextLine>

          
          
          <TextLine ID="r1l2"
                    
                    BASELINE="708 476 807 474 907 474 1007 476 1107 477 1206 482 1306 485 1406 489 1506 494 1605 498 1705 504 1805 510 1905 515 2004 521 2104 525 2204 530 2304 534 2403 537 2503 540 2603 542 2703 542" 
                    HPOS="702"
                    VPOS="391"
                    WIDTH="1997"
                    HEIGHT="181">
            <Shape><Polygon POINTS="2472 449 2434 449 2396 449 2357 449 2319 449 2307 445 2208 453 2184 453 2169 453 2085 437 2050 437 2012 433 2000 430 1985 445 1981 445 1835 445 1831 441 1816 418 1781 418 1743 418 1704 418 1666 414 1628 414 1589 410 1551 407 1512 407 1478 403 1393 426 1386 426 1374 426 1274 395 1271 395 1267 395 1263 395 1209 418 1205 418 1075 418 1075 414 1059 395 1056 395 1056 391 1052 391 1048 391 1044 391 1040 391 1002 410 959 391 936 391 906 391 860 407 856 407 829 391 821 391 783 391 706 399 706 472 702 503 2691 572 2699 541 2695 472 2496 468 2492 464 2480 449 2472 449"/></Shape>
	    <String CONTENT="contre lui devant le dit conseil en paiement de la somme de Cinquante "
                    HPOS="702"
                    VPOS="391"
                    WIDTH="1997"
                    HEIGHT="181"></String>
          </TextLine>

          
          
          <TextLine ID="r1l3"
                    
                    BASELINE="693 567 793 566 893 566 993 566 1093 568 1194 570 1294 573 1394 578 1494 582 1594 587 1695 591 1795 597 1895 602 1995 606 2095 611 2196 616 2296 620 2396 623 2496 627 2596 629 2697 630" 
                    HPOS="687"
                    VPOS="476"
                    WIDTH="2008"
                    HEIGHT="192">
            <Shape><Polygon POINTS="2534 541 2496 537 2457 537 2419 537 2380 537 2342 537 2307 537 2219 545 2150 529 2112 526 2073 522 2042 522 1981 537 1658 503 1651 503 1612 499 1159 510 925 479 921 479 917 479 867 499 814 476 806 476 779 476 691 495 691 564 687 599 863 583 898 610 902 610 906 610 910 610 913 610 1032 587 1059 614 1059 618 1063 618 1067 618 1071 618 1075 618 1079 618 1117 591 1148 614 1152 614 1155 614 1159 614 1271 595 1351 614 1355 614 1359 614 1497 602 1509 618 1512 618 1512 622 1516 622 1520 622 1524 622 1689 610 1847 641 1870 645 1873 645 1966 645 2588 641 2684 668 2695 629 2695 564 2545 541 2534 541"/></Shape>
	    <String CONTENT="francs pour autant qu&#x27;il a payé pour des façons de Chapeaux "
                    HPOS="687"
                    VPOS="476"
                    WIDTH="2008"
                    HEIGHT="192"></String>
          </TextLine>

          
          
          <TextLine ID="r1l4"
                    
                    BASELINE="711 654 810 652 909 651 1009 653 1108 654 1208 656 1307 660 1407 665 1506 669 1606 673 1705 679 1804 685 1904 690 2003 695 2103 701 2202 705 2302 710 2401 713 2501 716 2600 717 2700 717" 
                    HPOS="706"
                    VPOS="568"
                    WIDTH="1993"
                    HEIGHT="176">
            <Shape><Polygon POINTS="2553 629 2515 629 2476 625 2438 625 2400 625 2361 622 2323 622 2284 618 2246 618 2208 618 2181 614 1896 622 1843 622 1835 622 1774 595 1747 595 1739 591 1620 614 1616 614 1612 614 1582 587 1582 583 1555 583 1516 583 1482 579 1466 579 1463 579 1459 579 1405 599 1344 576 1340 576 1336 576 1136 587 983 568 979 568 940 568 906 568 710 583 710 652 706 683 1201 683 1240 702 1244 702 1248 702 1251 702 1259 702 1332 687 1436 706 1455 710 1459 710 1478 710 1582 695 2691 744 2699 714 2695 648 2565 629 2553 629"/></Shape>
	    <String CONTENT="et de celle de cent douze francs pour indemnité du préjudice "
                    HPOS="706"
                    VPOS="568"
                    WIDTH="1993"
                    HEIGHT="176"></String>
          </TextLine>

          
          
          <TextLine ID="r1l5"
                    
                    BASELINE="711 743 808 741 905 741 1002 741 1099 744 1197 746 1294 749 1391 753 1488 758 1585 762 1683 767 1780 771 1877 776 1974 780 2071 785 2169 789 2266 794 2363 797 2460 800 2557 803 2655 803" 
                    HPOS="706"
                    VPOS="660"
                    WIDTH="1947"
                    HEIGHT="177">
            <Shape><Polygon POINTS="2400 714 2361 710 2357 710 2342 721 2304 706 2284 706 2246 706 2208 706 2169 702 1973 710 1931 710 1919 695 1916 695 1916 691 1912 691 1908 691 1900 691 1862 687 1823 687 1816 683 1816 687 1797 702 1689 675 1674 675 1574 698 1559 698 1528 695 1294 664 1290 664 1286 664 1282 664 1244 687 1198 660 1194 660 1190 660 710 668 710 741 706 771 948 768 983 787 986 787 990 787 994 787 1002 787 1071 771 2645 837 2653 802 2653 733 2442 729 2434 725 2415 714 2400 714"/></Shape>
	    <String CONTENT="de perte qu&#x27;ils lui causent en le renvoyant instantanément et "
                    HPOS="706"
                    VPOS="660"
                    WIDTH="1947"
                    HEIGHT="177"></String>
          </TextLine>

          
          
          <TextLine ID="r1l6"
                    
                    BASELINE="702 831 801 830 900 830 999 830 1099 831 1198 834 1297 837 1397 840 1496 845 1595 849 1695 854 1794 858 1893 863 1992 869 2092 873 2191 878 2290 881 2390 885 2489 888 2588 890 2688 891" 
                    HPOS="695"
                    VPOS="741"
                    WIDTH="1993"
                    HEIGHT="165">
            <Shape><Polygon POINTS="2426 798 2396 798 2380 814 2376 814 2319 794 2315 794 2311 794 1939 798 1850 798 1843 794 1808 768 1777 768 1509 783 1505 783 1194 748 1190 748 1006 768 967 771 956 768 925 741 921 741 917 741 913 741 910 741 906 741 879 760 698 760 698 829 695 852 2680 906 2688 890 2688 825 2476 821 2469 817 2434 798 2426 798"/></Shape>
	    <String CONTENT="sans motif ; contrairement à l&#x27;usage et l&#x27;équité qui veulent "
                    HPOS="695"
                    VPOS="741"
                    WIDTH="1993"
                    HEIGHT="165"></String>
          </TextLine>

          
          
          <TextLine ID="r1l7"
                    
                    BASELINE="696 930 794 927 892 926 991 926 1089 927 1188 929 1286 932 1384 935 1483 939 1581 944 1680 948 1778 953 1876 957 1975 962 2073 966 2172 971 2270 974 2368 977 2467 978 2565 980 2664 980" 
                    HPOS="691"
                    VPOS="837"
                    WIDTH="1970"
                    HEIGHT="161">
            <Shape><Polygon POINTS="2269 879 2238 879 2231 887 2208 902 2108 883 2035 871 2000 871 1966 867 1939 879 1904 894 1843 879 1754 856 1751 856 1731 856 1693 856 1655 856 1651 856 1647 856 1643 856 1620 875 1601 887 1562 871 1501 852 1497 852 1332 852 1328 852 1324 852 1320 852 1305 867 1301 867 1297 867 1267 844 1263 844 1259 844 1255 844 1251 844 1194 863 1155 840 1152 840 1148 840 1144 840 1140 840 1136 840 1136 844 1113 863 1109 867 1102 863 1048 840 1044 840 1040 840 1036 840 990 860 986 863 986 860 963 840 963 837 959 837 956 837 863 837 860 837 856 837 852 837 821 856 810 863 695 856 695 929 691 959 2653 998 2661 979 2657 898 2361 906 2311 890 2288 879 2269 879"/></Shape>
	    <String CONTENT="que les fabricants comme ceux qu&#x27;ils emploient se préviennent "
                    HPOS="691"
                    VPOS="837"
                    WIDTH="1970"
                    HEIGHT="161"></String>
          </TextLine>

          
          
          <TextLine ID="r1l8"
                    
                    BASELINE="711 1013 807 1011 903 1013 999 1014 1096 1016 1192 1018 1288 1021 1385 1025 1481 1029 1577 1032 1674 1037 1770 1040 1866 1044 1962 1049 2059 1053 2155 1056 2251 1059 2348 1062 2444 1065 2540 1067 2637 1068" 
                    HPOS="706"
                    VPOS="929"
                    WIDTH="1928"
                    HEIGHT="157">
            <Shape><Polygon POINTS="2208 971 2204 971 2173 986 2169 986 2004 986 1989 979 1893 956 1862 956 1839 956 1751 975 1739 975 1724 971 1612 944 1608 944 1605 944 1390 963 1363 963 1347 959 1217 933 1213 933 1209 933 1159 952 1098 929 1094 929 1090 929 710 940 710 1009 706 1029 2626 1086 2634 1067 2634 1002 2261 994 2261 990 2242 971 2208 971"/></Shape>
	    <String CONTENT="un certain laps de temps avant de se quitter, afin de ne pas se "
                    HPOS="706"
                    VPOS="929"
                    WIDTH="1928"
                    HEIGHT="157"></String>
          </TextLine>

          
          
          <TextLine ID="r1l9"
                    
                    BASELINE="702 1106 800 1104 898 1104 996 1106 1095 1107 1193 1109 1291 1112 1389 1115 1488 1118 1586 1122 1684 1126 1782 1130 1881 1134 1979 1137 2077 1142 2175 1145 2274 1149 2372 1152 2470 1155 2568 1157 2667 1158" 
                    HPOS="695"
                    VPOS="1021"
                    WIDTH="1969"
                    HEIGHT="169">
            <Shape><Polygon POINTS="698 1105 695 1140 983 1132 994 1148 998 1148 998 1152 1002 1152 1006 1152 1009 1152 1032 1152 1140 1136 1194 1152 1205 1155 1209 1155 1213 1155 1317 1155 1589 1148 1597 1159 1601 1163 1605 1163 1605 1167 1608 1167 1612 1167 1616 1167 1766 1159 1881 1155 1896 1163 1919 1175 1923 1175 2576 1190 2580 1190 2661 1171 2664 1155 2661 1082 698 1021 698 1105"/></Shape>
	    <String CONTENT="nuire réciproquement. A l&#x27;appel de la cause, Ecot se présenta "
                    HPOS="695"
                    VPOS="1021"
                    WIDTH="1969"
                    HEIGHT="169"></String>
          </TextLine>

          
          
          <TextLine ID="r1l10"
                    
                    BASELINE="717 1190 815 1193 913 1194 1012 1197 1110 1200 1209 1203 1307 1206 1405 1209 1504 1213 1602 1217 1701 1220 1799 1223 1897 1226 1996 1230 2094 1233 2193 1236 2291 1239 2389 1241 2488 1244 2586 1245 2685 1247" 
                    HPOS="710"
                    VPOS="1109"
                    WIDTH="1974"
                    HEIGHT="165">
            <Shape><Polygon POINTS="2634 1159 2615 1159 2430 1171 2369 1152 2365 1152 2327 1152 2304 1152 2215 1163 2184 1148 2173 1148 2135 1144 2131 1144 2039 1159 1931 1140 1900 1136 1896 1136 1866 1140 1774 1152 1751 1136 1739 1128 1735 1128 1731 1128 1727 1128 1724 1128 1697 1136 1674 1144 1662 1136 1647 1125 1643 1125 1639 1125 1635 1125 1505 1132 1390 1140 1286 1128 1117 1109 1113 1109 714 1117 714 1186 710 1224 2676 1274 2684 1244 2680 1155 2634 1155 2634 1159"/></Shape>
	    <String CONTENT="et exposa Que suivant conventions verbales intervenues entre lui "
                    HPOS="710"
                    VPOS="1109"
                    WIDTH="1974"
                    HEIGHT="165"></String>
          </TextLine>

          
          
          <TextLine ID="r1l11"
                    
                    BASELINE="693 1283 792 1284 892 1287 991 1289 1091 1292 1191 1295 1290 1298 1390 1301 1489 1305 1589 1308 1689 1312 1788 1316 1888 1319 1987 1322 2087 1325 2187 1328 2286 1331 2386 1332 2485 1334 2585 1335 2685 1337" 
                    HPOS="687"
                    VPOS="1190"
                    WIDTH="1997"
                    HEIGHT="184">
            <Shape><Polygon POINTS="2572 1244 2549 1244 2519 1263 2515 1263 2277 1263 2273 1259 2261 1240 2257 1240 2257 1236 2254 1236 2250 1236 2246 1236 2081 1251 2073 1251 2054 1236 2054 1232 2050 1232 2046 1232 2042 1232 2039 1232 2035 1232 2012 1251 1985 1228 1958 1228 1950 1228 1912 1248 1908 1248 1904 1248 1843 1224 1839 1224 1835 1224 1712 1240 1685 1244 1666 1240 1559 1213 1536 1213 1524 1209 1447 1232 1432 1236 1282 1236 1278 1228 1255 1205 1228 1205 1190 1201 1152 1201 1113 1201 1075 1198 1036 1198 1017 1194 925 1194 921 1194 883 1194 844 1194 817 1190 764 1190 760 1190 756 1190 691 1209 691 1282 687 1320 2676 1374 2684 1336 2684 1271 2592 1244 2572 1244"/></Shape>
	    <String CONTENT="e Cahen frères le quinze Février mil huit cent Cinquante huit "
                    HPOS="687"
                    VPOS="1190"
                    WIDTH="1997"
                    HEIGHT="184"></String>
          </TextLine>

          
          
          <TextLine ID="r1l12"
                    
                    BASELINE="690 1380 787 1380 884 1380 981 1382 1078 1383 1175 1385 1272 1388 1369 1390 1466 1393 1563 1396 1660 1400 1757 1402 1854 1406 1951 1409 2048 1412 2145 1415 2242 1416 2339 1419 2436 1421 2533 1424 2631 1425" 
                    HPOS="683"
                    VPOS="1294"
                    WIDTH="1947"
                    HEIGHT="149">
            <Shape><Polygon POINTS="2261 1328 2227 1328 2158 1344 2146 1344 2138 1340 2108 1328 2108 1328 2069 1324 2031 1340 2023 1340 2012 1340 1908 1320 1904 1320 1712 1332 1681 1332 1678 1332 1655 1309 1647 1309 1643 1309 1443 1324 1432 1324 1428 1324 1340 1301 1336 1301 1332 1301 1328 1301 1255 1320 1236 1305 1236 1301 1232 1301 1228 1301 1224 1301 1117 1317 1113 1317 1105 1317 979 1294 975 1294 687 1305 687 1378 683 1413 2622 1443 2630 1424 2630 1355 2307 1351 2300 1344 2261 1328 2261 1328"/></Shape>
	    <String CONTENT="il est entré chez eux en qualité de contremaître à raison de "
                    HPOS="683"
                    VPOS="1294"
                    WIDTH="1947"
                    HEIGHT="149"></String>
          </TextLine>

          
          
          <TextLine ID="r1l13"
                    
                    BASELINE="696 1467 792 1469 889 1469 986 1472 1083 1473 1179 1475 1276 1478 1373 1481 1470 1484 1566 1487 1663 1490 1760 1493 1857 1496 1953 1499 2050 1502 2147 1505 2244 1508 2340 1511 2437 1512 2534 1514 2631 1517" 
                    HPOS="691"
                    VPOS="1382"
                    WIDTH="1939"
                    HEIGHT="154">
            <Shape><Polygon POINTS="2576 1424 2499 1440 2480 1443 2453 1440 2346 1420 2346 1420 2307 1416 2284 1416 2208 1432 2181 1436 1977 1432 1973 1424 1954 1409 1927 1409 1896 1420 1885 1409 1885 1409 1847 1405 1777 1420 1751 1424 1731 1416 1685 1397 1662 1397 1608 1413 1589 1420 1578 1413 1547 1393 1539 1393 1536 1393 1367 1409 1290 1413 1259 1405 1209 1390 1205 1390 1201 1390 1198 1390 1167 1401 1152 1409 1144 1401 1125 1386 1117 1386 1079 1386 1048 1382 695 1386 695 1466 691 1501 2622 1536 2630 1516 2630 1436 2611 1424 2576 1424"/></Shape>
	    <String CONTENT="Trente cinq francs par semaine, le Logement, le Chauffage "
                    HPOS="691"
                    VPOS="1382"
                    WIDTH="1939"
                    HEIGHT="154"></String>
          </TextLine>

          
          
          <TextLine ID="r1l14"
                    
                    BASELINE="693 1560 791 1563 890 1565 988 1567 1087 1569 1185 1572 1284 1574 1382 1576 1481 1578 1579 1581 1678 1583 1777 1586 1875 1588 1974 1590 2072 1593 2171 1595 2269 1598 2368 1599 2466 1602 2565 1604 2664 1605" 
                    HPOS="687"
                    VPOS="1470"
                    WIDTH="1974"
                    HEIGHT="154">
            <Shape><Polygon POINTS="2380 1512 2342 1512 2304 1509 2265 1509 2254 1505 2219 1532 1954 1532 1954 1528 1923 1497 1919 1497 1881 1497 1843 1493 1804 1493 1766 1493 1743 1493 1697 1520 1547 1520 1497 1486 1497 1486 1459 1482 1420 1482 1382 1482 1378 1478 1305 1497 1152 1478 1148 1478 1144 1478 1090 1505 1052 1474 1036 1474 998 1474 959 1470 921 1470 883 1470 844 1470 691 1501 691 1559 687 1601 2653 1624 2661 1601 2657 1543 2419 1539 2419 1536 2396 1512 2380 1512"/></Shape>
	    <String CONTENT="et l&#x27;éclairage ; Qu&#x27;il fut convenu, en outre, que si les défendeurs "
                    HPOS="687"
                    VPOS="1470"
                    WIDTH="1974"
                    HEIGHT="154"></String>
          </TextLine>

          
          
          <TextLine ID="r1l15"
                    
                    BASELINE="684 1658 780 1659 877 1660 973 1661 1070 1664 1167 1665 1263 1667 1360 1668 1456 1671 1553 1673 1650 1676 1746 1677 1843 1680 1939 1682 2036 1685 2133 1686 2229 1689 2326 1691 2422 1692 2519 1695 2616 1697" 
                    HPOS="679"
                    VPOS="1570"
                    WIDTH="1936"
                    HEIGHT="150">
            <Shape><Polygon POINTS="2373 1601 2365 1601 2254 1620 2242 1620 2238 1620 2196 1597 2181 1597 2150 1593 1751 1608 1727 1589 1727 1585 1724 1585 1720 1585 1716 1585 1631 1601 1608 1582 1605 1582 1601 1582 1597 1582 1593 1582 1509 1605 1447 1578 1443 1578 1413 1578 1405 1574 1251 1574 1248 1574 1109 1597 1009 1570 1006 1570 1002 1570 998 1570 917 1593 683 1593 683 1655 679 1685 2607 1720 2615 1693 2611 1628 2453 1628 2446 1624 2400 1601 2373 1601"/></Shape>
	    <String CONTENT="ne devaient pas continuer la fabrication il lui serait payé, "
                    HPOS="679"
                    VPOS="1570"
                    WIDTH="1936"
                    HEIGHT="150"></String>
          </TextLine>

          
          
          <TextLine ID="r1l16"
                    
                    BASELINE="684 1751 783 1751 882 1752 981 1752 1081 1754 1180 1755 1279 1757 1379 1759 1478 1761 1577 1764 1677 1766 1776 1769 1875 1770 1974 1773 2074 1775 2173 1776 2272 1779 2372 1779 2471 1781 2570 1781 2670 1781" 
                    HPOS="679"
                    VPOS="1662"
                    WIDTH="1989"
                    HEIGHT="138">
            <Shape><Polygon POINTS="2449 1693 2411 1693 2373 1693 2350 1693 2250 1708 2238 1708 2231 1708 2181 1689 2181 1689 2142 1689 2138 1685 2115 1701 1858 1701 1839 1681 1839 1678 1835 1678 1831 1678 1827 1678 1620 1697 1597 1678 1597 1674 1593 1674 1589 1674 1566 1674 1528 1674 1489 1674 1455 1670 1436 1670 1413 1670 1374 1670 1347 1670 1344 1670 1340 1670 1336 1670 1336 1674 1317 1693 1271 1674 1267 1674 1263 1674 1132 1689 1109 1670 1109 1666 1105 1666 1102 1666 1098 1666 994 1689 986 1689 983 1689 936 1666 933 1666 929 1666 925 1666 848 1685 821 1662 817 1662 814 1662 810 1662 683 1681 683 1747 679 1781 2661 1800 2668 1777 2668 1716 2472 1693 2449 1693"/></Shape>
	    <String CONTENT="à partir du jour ou cette fabrication cesserait, une indemnité "
                    HPOS="679"
                    VPOS="1662"
                    WIDTH="1989"
                    HEIGHT="138"></String>
          </TextLine>

          
          
          <TextLine ID="r1l17"
                    
                    BASELINE="704 1842 799 1842 894 1844 990 1844 1085 1845 1181 1847 1276 1849 1371 1851 1467 1853 1562 1856 1658 1859 1753 1860 1848 1862 1944 1865 2039 1866 2135 1868 2230 1868 2325 1868 2421 1868 2516 1868 2612 1866" 
                    HPOS="698"
                    VPOS="1758"
                    WIDTH="1913"
                    HEIGHT="131">
            <Shape><Polygon POINTS="1601 1766 1597 1766 1593 1766 1589 1766 1562 1785 1543 1797 1424 1797 1413 1785 1397 1770 1397 1766 1393 1766 1390 1766 1386 1766 1082 1785 1032 1785 1029 1785 983 1758 979 1758 975 1758 844 1785 833 1785 829 1785 794 1758 791 1758 787 1758 783 1758 779 1758 702 1781 702 1839 698 1889 2607 1889 2611 1862 2599 1785 2050 1800 2015 1785 2008 1777 2004 1777 2000 1777 1996 1777 1823 1785 1662 1789 1647 1785 1605 1766 1601 1766"/></Shape>
	    <String CONTENT="représentant deux semaines de travail au moins ; Que les "
                    HPOS="698"
                    VPOS="1758"
                    WIDTH="1913"
                    HEIGHT="131"></String>
          </TextLine>

          
          
          <TextLine ID="r1l18"
                    
                    BASELINE="681 1928 787 1929 893 1932 999 1934 1106 1937 1212 1939 1318 1941 1424 1944 1531 1946 1637 1949 1743 1950 1849 1952 1956 1953 2062 1956 2168 1958 2274 1958 2381 1959 2487 1959 2593 1961 2700 1961" 
                    HPOS="675"
                    VPOS="1843"
                    WIDTH="2024"
                    HEIGHT="138">
            <Shape><Polygon POINTS="2369 1870 2330 1870 2327 1870 2307 1885 2307 1889 2215 1889 2211 1885 2181 1870 2177 1870 2138 1870 2131 1866 2115 1885 2100 1885 2004 1885 1996 1881 1935 1862 1908 1862 1870 1862 1850 1862 1789 1877 1785 1877 1781 1877 1681 1862 1678 1862 1639 1858 1601 1858 1597 1858 1470 1873 1455 1873 1432 1873 1224 1847 1217 1847 1178 1847 1167 1847 1048 1866 1040 1866 1036 1866 971 1847 948 1847 910 1847 883 1843 679 1858 679 1927 675 1966 2691 1981 2699 1958 2699 1885 2661 1866 2657 1866 2653 1866 2649 1866 2515 1889 2511 1889 2503 1889 2392 1870 2369 1870"/></Shape>
	    <String CONTENT="frères Cahen lui ayant déclaré ne vouloir continuer il demandait "
                    HPOS="675"
                    VPOS="1843"
                    WIDTH="2024"
                    HEIGHT="138"></String>
          </TextLine>

          
          
          <TextLine ID="r1l19"
                    
                    BASELINE="672 2024 773 2025 874 2027 975 2028 1076 2031 1177 2033 1278 2034 1379 2036 1480 2037 1581 2039 1683 2040 1784 2042 1885 2044 1986 2045 2087 2046 2188 2048 2289 2049 2390 2051 2491 2051 2592 2052 2694 2054" 
                    HPOS="668"
                    VPOS="1935"
                    WIDTH="2023"
                    HEIGHT="134">
            <Shape><Polygon POINTS="2553 1962 2534 1962 2503 1977 2442 1962 2438 1962 2403 1962 2380 1981 2353 1958 2350 1958 2346 1958 2342 1958 2338 1958 2334 1958 2334 1962 2311 1985 2138 1985 2100 1958 2092 1958 2058 1954 1958 1973 1827 1950 1823 1950 1785 1950 1762 1950 1536 1973 1401 1950 1397 1950 1393 1950 1328 1969 1213 1939 1209 1939 1205 1939 1075 1966 1048 1943 1048 1939 1044 1939 1040 1939 1036 1939 1032 1939 983 1962 959 1939 959 1935 956 1935 952 1935 940 1935 902 1935 733 1935 729 1935 725 1935 672 1958 672 2023 668 2058 2684 2069 2691 2050 2691 1992 2568 1962 2553 1962"/></Shape>
	    <String CONTENT="le bénifice de cette partie des conventions ; Qu&#x27;ayant payé pour "
                    HPOS="668"
                    VPOS="1935"
                    WIDTH="2023"
                    HEIGHT="134"></String>
          </TextLine>

          
          
          <TextLine ID="r1l20"
                    
                    BASELINE="666 2120 764 2120 862 2121 960 2121 1059 2123 1157 2124 1255 2124 1353 2126 1452 2127 1550 2129 1648 2130 1746 2132 1845 2132 1943 2133 2041 2135 2139 2136 2238 2136 2336 2138 2434 2139 2532 2139 2631 2139" 
                    HPOS="660"
                    VPOS="2027"
                    WIDTH="1970"
                    HEIGHT="138">
            <Shape><Polygon POINTS="2430 2054 2392 2054 2353 2050 2315 2050 2277 2050 2261 2050 2227 2065 2204 2050 2200 2050 2161 2046 2123 2046 2085 2046 2046 2046 2008 2046 2000 2046 1977 2062 1973 2062 1858 2062 1708 2062 1658 2039 1624 2039 1555 2058 1255 2039 1251 2039 1182 2054 1159 2035 1159 2031 1155 2031 1152 2031 1148 2031 1144 2031 1113 2046 1052 2031 1048 2031 1009 2031 1006 2031 917 2046 733 2027 729 2027 725 2027 664 2050 664 2119 660 2142 1044 2165 1048 2165 2626 2161 2630 2138 2626 2069 2430 2054 2430 2054"/></Shape>
	    <String CONTENT="leur Compte, des façons de Chapeaux il en demandait le "
                    HPOS="660"
                    VPOS="2027"
                    WIDTH="1970"
                    HEIGHT="138"></String>
          </TextLine>

          
          
          <TextLine ID="r1l21"
                    
                    BASELINE="675 2213 775 2213 875 2213 975 2214 1075 2214 1176 2215 1276 2216 1376 2217 1476 2217 1576 2219 1677 2220 1777 2220 1877 2222 1977 2223 2077 2225 2178 2226 2278 2228 2378 2229 2478 2231 2578 2232 2679 2234" 
                    HPOS="668"
                    VPOS="2123"
                    WIDTH="2008"
                    HEIGHT="146">
            <Shape><Polygon POINTS="2553 2142 2515 2142 2476 2142 2438 2142 2400 2138 2380 2142 2280 2158 2058 2135 2054 2135 2015 2135 1977 2135 1966 2135 1919 2154 1877 2135 1862 2135 1823 2135 1785 2135 1747 2135 1708 2131 1670 2131 1631 2131 1605 2131 1470 2150 1440 2127 1401 2127 1363 2127 1351 2127 1117 2146 902 2123 863 2123 825 2123 821 2123 725 2142 683 2123 672 2123 672 2211 668 2238 1063 2261 1067 2261 1374 2246 1401 2246 1409 2246 1512 2265 1516 2265 1816 2250 1831 2250 1870 2269 1873 2269 1877 2269 2672 2254 2676 2231 2672 2146 2588 2142 2553 2142"/></Shape>
	    <String CONTENT="remboursement ; qu&#x27;il demandait aussi à jouir du local qu&#x27;il "
                    HPOS="668"
                    VPOS="2123"
                    WIDTH="2008"
                    HEIGHT="146"></String>
          </TextLine>

          
          
          <TextLine ID="r1l22"
                    
                    BASELINE="672 2300 771 2303 871 2305 971 2307 1071 2309 1170 2310 1270 2310 1370 2312 1470 2313 1569 2313 1669 2313 1769 2315 1869 2315 1968 2315 2068 2315 2168 2316 2268 2316 2367 2318 2467 2318 2567 2319 2667 2321" 
                    HPOS="668"
                    VPOS="2219"
                    WIDTH="1996"
                    HEIGHT="146">
            <Shape><Polygon POINTS="1294 2219 1290 2219 1163 2238 1086 2246 1006 2238 867 2219 863 2219 860 2219 825 2238 814 2242 672 2238 672 2296 668 2334 986 2327 998 2342 1002 2346 1006 2346 1006 2350 1009 2350 1013 2350 1017 2350 1159 2342 1271 2334 1355 2342 1482 2353 1486 2353 1559 2342 1605 2334 1612 2342 1624 2350 1624 2353 1628 2353 1631 2353 1635 2353 1770 2342 1827 2338 1866 2342 1996 2361 2000 2361 2280 2342 2319 2342 2327 2342 2392 2365 2396 2365 2400 2365 2661 2342 2664 2319 2657 2238 2330 2261 2227 2261 2204 2238 2200 2234 2200 2231 2196 2231 2192 2231 2188 2231 2184 2231 2158 2238 2077 2257 2023 2238 2000 2227 1996 2227 1992 2227 1989 2227 1969 2238 1935 2257 1762 2257 1743 2238 1735 2231 1735 2227 1731 2227 1727 2227 1724 2227 1720 2227 1693 2238 1666 2246 1643 2238 1608 2223 1605 2223 1601 2223 1597 2223 1559 2238 1516 2254 1390 2254 1347 2238 1297 2219 1294 2219"/></Shape>
	    <String CONTENT="occupe jusqu&#x27;au huit Juillet prochain ne pouvant s&#x27;en "
                    HPOS="668"
                    VPOS="2219"
                    WIDTH="1996"
                    HEIGHT="146"></String>
          </TextLine>

          
          
          <TextLine ID="r1l23"
                    
                    BASELINE="663 2402 762 2402 861 2402 960 2402 1060 2402 1159 2403 1258 2403 1357 2405 1457 2405 1556 2406 1655 2406 1754 2408 1854 2408 1953 2409 2052 2410 2151 2411 2251 2411 2350 2412 2449 2412 2548 2412 2648 2412" 
                    HPOS="656"
                    VPOS="2311"
                    WIDTH="1989"
                    HEIGHT="127">
            <Shape><Polygon POINTS="1973 2315 1969 2315 1966 2315 1927 2315 1889 2315 1850 2315 1812 2315 1797 2315 1793 2315 1789 2315 1785 2315 1785 2319 1774 2327 1762 2342 1612 2342 1597 2330 1585 2319 1582 2319 1578 2319 1574 2319 1570 2319 1547 2330 1532 2338 1516 2330 1501 2319 1497 2319 1493 2319 1489 2319 1397 2330 1336 2338 1320 2330 1282 2311 1278 2311 1274 2311 1032 2334 1006 2334 990 2334 837 2311 833 2311 829 2311 825 2311 798 2334 798 2338 660 2338 660 2400 656 2438 2641 2438 2645 2411 2638 2323 2000 2342 1985 2327 1981 2319 1977 2319 1977 2315 1973 2315"/></Shape>
	    <String CONTENT="procurer un avant cette époque. De leur coté Cahen frères "
                    HPOS="656"
                    VPOS="2311"
                    WIDTH="1989"
                    HEIGHT="127"></String>
          </TextLine>

          
          
          <TextLine ID="r1l24"
                    
                    BASELINE="683 2492 781 2493 880 2493 979 2495 1078 2495 1177 2496 1276 2496 1374 2496 1473 2496 1572 2498 1671 2498 1770 2498 1869 2498 1968 2499 2066 2499 2165 2499 2264 2501 2363 2501 2462 2502 2561 2502 2660 2504" 
                    HPOS="675"
                    VPOS="2403"
                    WIDTH="1982"
                    HEIGHT="119">
            <Shape><Polygon POINTS="2561 2415 2557 2415 2553 2415 2484 2434 2300 2419 2296 2419 2292 2419 2257 2434 2254 2438 2246 2434 2192 2419 2188 2419 2184 2419 2069 2434 2054 2434 2050 2434 2000 2411 1996 2411 1992 2411 1989 2411 1943 2430 1939 2434 1935 2430 1900 2411 1896 2411 1893 2411 1889 2411 1885 2411 1843 2430 1831 2434 1628 2434 1620 2426 1570 2407 1566 2407 1562 2407 1463 2426 1455 2426 1451 2426 1405 2407 1401 2407 1397 2407 1393 2407 1390 2407 1367 2426 1355 2430 1071 2430 1063 2423 1048 2407 1048 2403 1044 2403 1040 2403 1036 2403 679 2415 679 2488 675 2522 2653 2522 2657 2503 2657 2442 2565 2415 2561 2415"/></Shape>
	    <String CONTENT="par l&#x27;un d&#x27;eux, reconnurent avoir consenti à employer Ecot "
                    HPOS="675"
                    VPOS="2403"
                    WIDTH="1982"
                    HEIGHT="119"></String>
          </TextLine>

          
          
          <TextLine ID="r1l25"
                    
                    BASELINE="678 2582 784 2583 890 2585 996 2586 1103 2586 1209 2586 1315 2586 1421 2586 1528 2586 1634 2586 1740 2586 1846 2586 1953 2588 2059 2588 2165 2588 2271 2588 2378 2589 2484 2591 2590 2592 2697 2594" 
                    HPOS="672"
                    VPOS="2496"
                    WIDTH="2023"
                    HEIGHT="126">
            <Shape><Polygon POINTS="2304 2503 2300 2503 2261 2515 2242 2522 2223 2515 2188 2503 2184 2503 2181 2503 2112 2515 2069 2522 2058 2515 2031 2499 2027 2499 2023 2499 2019 2499 1981 2499 1943 2499 1904 2499 1866 2499 1843 2499 1839 2499 1835 2499 1831 2499 1831 2503 1816 2515 1812 2522 1512 2522 1443 2515 1259 2499 1251 2499 1213 2499 1175 2499 1155 2496 675 2511 675 2580 672 2611 2688 2622 2695 2592 2695 2519 2307 2503 2304 2503"/></Shape>
	    <String CONTENT="en qualité de contremaitre à raison de Trente cinq francs par "
                    HPOS="672"
                    VPOS="2496"
                    WIDTH="2023"
                    HEIGHT="126"></String>
          </TextLine>

          
          
          <TextLine ID="r1l26"
                    
                    BASELINE="669 2676 775 2678 881 2678 987 2679 1094 2679 1200 2679 1306 2679 1412 2681 1519 2679 1625 2679 1731 2679 1837 2679 1944 2679 2050 2679 2156 2679 2262 2679 2369 2679 2475 2679 2581 2679 2688 2681" 
                    HPOS="668"
                    VPOS="2588"
                    WIDTH="2020"
                    HEIGHT="134">
            <Shape><Polygon POINTS="2515 2592 2511 2592 2472 2592 2434 2592 2396 2592 2357 2592 2353 2592 2350 2592 2346 2592 2330 2603 2323 2611 2315 2603 2304 2595 2304 2592 2300 2592 2296 2592 2184 2592 2181 2592 2177 2592 2142 2607 2112 2618 1981 2607 1893 2599 1889 2599 1812 2607 1727 2618 1704 2607 1662 2592 1658 2592 1409 2588 1405 2588 1278 2611 1263 2615 1255 2611 1232 2592 1228 2592 1224 2592 1221 2592 1217 2592 1155 2611 1086 2588 1082 2588 1079 2588 1075 2588 1071 2588 1032 2615 994 2588 990 2588 986 2588 983 2588 979 2588 975 2588 944 2615 940 2618 668 2618 668 2672 668 2718 737 2699 929 2718 933 2718 1324 2699 1524 2718 1528 2718 1620 2703 1651 2722 1655 2722 1658 2722 1662 2722 1747 2722 2549 2703 2680 2722 2688 2680 2680 2603 2576 2618 2542 2603 2519 2592 2515 2592"/></Shape>
	    <String CONTENT="semaine, l&#x27;avoir payé intégralement jusqu&#x27;à ce jour , de lui "
                    HPOS="668"
                    VPOS="2588"
                    WIDTH="2020"
                    HEIGHT="134"></String>
          </TextLine>

          
          
          <TextLine ID="r1l27"
                    
                    BASELINE="671 2771 771 2771 871 2772 971 2772 1071 2774 1171 2774 1271 2775 1371 2775 1471 2777 1571 2777 1671 2777 1771 2777 1871 2777 1971 2777 2071 2777 2171 2775 2271 2775 2371 2774 2471 2772 2571 2771 2672 2768" 
                    HPOS="664"
                    VPOS="2680"
                    WIDTH="2004"
                    HEIGHT="119">
            <Shape><Polygon POINTS="2407 2680 2403 2680 2350 2703 2330 2711 2307 2703 2254 2680 2250 2680 2246 2680 2242 2680 2173 2703 2169 2703 2150 2684 2150 2680 2146 2680 2142 2680 2123 2680 2085 2680 2046 2680 2015 2680 2012 2680 2008 2680 2004 2680 1969 2703 1954 2711 1916 2703 1862 2691 1858 2691 1854 2691 1850 2691 1839 2703 1823 2714 1528 2714 1520 2703 1497 2684 1497 2680 1493 2680 1489 2680 1470 2680 1432 2680 1393 2680 1355 2680 1317 2680 1278 2680 1240 2680 1201 2680 1186 2680 1182 2680 1178 2680 1175 2680 1175 2684 1152 2703 1148 2707 1144 2703 1098 2680 1094 2680 1090 2680 1086 2680 1017 2703 990 2711 944 2703 848 2688 844 2688 840 2688 837 2688 817 2703 806 2711 775 2703 691 2684 687 2684 683 2684 679 2684 664 2691 668 2768 668 2799 2664 2799 2668 2764 2657 2703 2557 2711 2511 2703 2411 2680 2407 2680"/></Shape>
	    <String CONTENT="rien devoir, soit à titre d&#x27;avances par lui faites, soit à titre de "
                    HPOS="664"
                    VPOS="2680"
                    WIDTH="2004"
                    HEIGHT="119"></String>
          </TextLine>

          
          
          <TextLine ID="r1l28"
                    
                    BASELINE="665 2865 762 2867 860 2867 957 2868 1055 2868 1153 2868 1250 2867 1348 2867 1446 2867 1543 2865 1641 2865 1739 2864 1836 2864 1934 2864 2032 2863 2129 2862 2227 2862 2325 2864 2422 2864 2520 2865 2618 2867" 
                    HPOS="660"
                    VPOS="2776"
                    WIDTH="1955"
                    HEIGHT="127">
            <Shape><Polygon POINTS="1966 2780 1927 2780 1870 2807 1662 2807 1624 2780 1624 2780 1601 2780 1570 2807 1455 2807 1040 2776 1036 2776 1032 2776 1029 2776 1029 2780 998 2807 933 2807 902 2780 902 2776 898 2776 894 2776 729 2776 725 2776 721 2776 664 2803 664 2864 660 2899 798 2883 975 2903 990 2903 994 2903 2611 2891 2615 2864 2611 2807 2465 2807 2434 2780 2434 2776 2430 2776 2426 2776 2423 2776 2288 2803 1992 2780 1966 2780"/></Shape>
	    <String CONTENT="salaire ; Ils consentirent à lui payer trente cinq francs à "
                    HPOS="660"
                    VPOS="2776"
                    WIDTH="1955"
                    HEIGHT="127"></String>
          </TextLine>

          
          
          <TextLine ID="r1l29"
                    
                    BASELINE="686 2957 786 2958 887 2958 988 2958 1088 2960 1189 2958 1290 2958 1390 2958 1491 2958 1592 2957 1693 2957 1793 2955 1894 2955 1995 2955 2095 2954 2196 2954 2297 2955 2397 2955 2498 2956 2599 2957 2700 2960" 
                    HPOS="683"
                    VPOS="2864"
                    WIDTH="2016"
                    HEIGHT="119">
            <Shape><Polygon POINTS="2400 2864 2396 2864 2392 2864 2342 2887 2307 2864 2304 2864 2300 2864 2296 2864 1935 2883 1712 2864 1708 2864 1704 2864 1666 2883 1647 2895 1351 2895 1297 2880 1244 2868 1221 2868 1205 2868 1171 2880 1121 2891 1013 2876 944 2868 913 2868 875 2868 837 2868 829 2868 683 2872 683 2956 683 2983 2699 2983 2699 2956 2699 2895 2461 2895 2453 2891 2403 2864 2400 2864"/></Shape>
	    <String CONTENT="titre d&#x27;indemnité de renvoi instantané, bien que leur ayant "
                    HPOS="683"
                    VPOS="2864"
                    WIDTH="2016"
                    HEIGHT="119"></String>
          </TextLine>

          
          
          <TextLine ID="r1l30"
                    
                    BASELINE="671 3042 771 3044 872 3045 972 3047 1073 3048 1173 3048 1274 3048 1374 3048 1475 3048 1575 3047 1676 3047 1777 3045 1877 3045 1978 3044 2078 3044 2179 3044 2279 3044 2380 3044 2480 3044 2581 3044 2682 3045" 
                    HPOS="668"
                    VPOS="2960"
                    WIDTH="2012"
                    HEIGHT="119">
            <Shape><Polygon POINTS="1624 2960 1620 2960 1616 2960 1612 2960 1608 2960 1608 2964 1589 2979 1585 2983 1551 2979 1363 2964 1359 2964 1355 2964 1351 2964 1351 2968 1332 2983 1332 2987 1036 2987 1036 2983 986 2964 983 2964 979 2964 975 2964 906 2983 867 2960 863 2960 860 2960 821 2960 783 2960 744 2960 714 2960 710 2960 706 2960 702 2960 668 2979 668 3041 668 3079 2680 3079 2680 3041 2676 2976 2526 2983 2496 2976 2449 2960 2446 2960 2442 2960 2315 2976 2257 2983 2246 2976 2231 2960 2227 2960 2223 2960 2127 2960 2123 2960 2035 2979 2004 2983 1946 2979 1762 2960 1758 2960 1670 2979 1655 2983 1651 2979 1628 2960 1624 2960"/></Shape>
	    <String CONTENT="fait perdre, par sa mauvaise gestion, pour la somme de douze "
                    HPOS="668"
                    VPOS="2960"
                    WIDTH="2012"
                    HEIGHT="119"></String>
          </TextLine>

          
          
          <TextLine ID="r1l31"
                    
                    BASELINE="657 3140 756 3143 855 3143 955 3144 1054 3144 1154 3144 1253 3144 1353 3144 1452 3144 1552 3144 1651 3143 1750 3143 1850 3141 1949 3141 2049 3141 2148 3140 2248 3140 2347 3140 2447 3141 2546 3141 2646 3143" 
                    HPOS="656"
                    VPOS="3048"
                    WIDTH="1989"
                    HEIGHT="135">
            <Shape><Polygon POINTS="1624 3048 1620 3048 1616 3048 1497 3072 1405 3052 1401 3052 1397 3052 1351 3075 1347 3079 967 3079 963 3075 940 3052 940 3048 936 3048 933 3048 741 3048 737 3048 733 3048 656 3072 656 3137 656 3183 721 3164 779 3183 783 3183 787 3183 791 3183 894 3164 1067 3183 1086 3183 1090 3183 1102 3183 1213 3164 1240 3183 1244 3183 1248 3183 1251 3183 1301 3183 1639 3164 2638 3175 2645 3141 2641 3079 2292 3056 2288 3056 2150 3075 2081 3048 2077 3048 1943 3048 1939 3048 1935 3048 1931 3048 1931 3052 1904 3075 1904 3079 1800 3079 1797 3075 1747 3048 1743 3048 1739 3048 1735 3048 1655 3075 1628 3052 1628 3048 1624 3048"/></Shape>
	    <String CONTENT="mille francs de matière ils pourraient se dispenser de lui payer "
                    HPOS="656"
                    VPOS="3048"
                    WIDTH="1989"
                    HEIGHT="135"></String>
          </TextLine>

          
          
          <TextLine ID="r1l32"
                    
                    BASELINE="657 3230 756 3231 856 3233 956 3234 1056 3234 1155 3236 1255 3236 1355 3236 1455 3236 1554 3236 1654 3236 1754 3234 1854 3234 1953 3234 2053 3234 2153 3234 2253 3234 2352 3234 2452 3234 2552 3234 2652 3234" 
                    HPOS="652"
                    VPOS="3141"
                    WIDTH="1997"
                    HEIGHT="130">
            <Shape><Polygon POINTS="2488 3141 2484 3141 2461 3141 2423 3141 2384 3141 2346 3141 2307 3141 2269 3141 2231 3141 2223 3141 2219 3141 2215 3141 2211 3141 2173 3168 2169 3168 2104 3144 2100 3144 2096 3144 2092 3144 2050 3168 2046 3168 2015 3144 2012 3144 2008 3144 2004 3144 1896 3164 1877 3168 1862 3164 1781 3141 1777 3141 1774 3141 1770 3141 1689 3160 1643 3144 1616 3144 1612 3144 1578 3164 1566 3171 1355 3171 1347 3164 1332 3148 1328 3148 1324 3148 1320 3148 1317 3148 1282 3160 1267 3168 1263 3160 1244 3144 1232 3144 1213 3144 1159 3160 1144 3168 940 3168 936 3160 917 3144 887 3144 852 3144 656 3156 656 3229 652 3248 794 3271 798 3271 2645 3256 2649 3233 2645 3171 2522 3171 2522 3168 2492 3144 2492 3141 2488 3141"/></Shape>
	    <String CONTENT="cette somme. Le Bureau Particulier proposa à Cahen "
                    HPOS="652"
                    VPOS="3141"
                    WIDTH="1997"
                    HEIGHT="130"></String>
          </TextLine>

          
          
          <TextLine ID="r1l33"
                    
                    BASELINE="690 3324 789 3326 889 3327 988 3329 1088 3329 1188 3329 1287 3329 1387 3328 1486 3327 1586 3326 1686 3326 1785 3324 1885 3324 1984 3323 2084 3323 2184 3323 2283 3323 2383 3324 2482 3326 2582 3327 2682 3330" 
                    HPOS="683"
                    VPOS="3233"
                    WIDTH="1997"
                    HEIGHT="123">
            <Shape><Polygon POINTS="1704 3237 1701 3237 1697 3237 1693 3237 1655 3260 1282 3237 1278 3237 1125 3260 1059 3237 1056 3237 1052 3237 1048 3237 1044 3237 1044 3240 1021 3260 1021 3263 783 3263 779 3260 737 3233 733 3233 729 3233 725 3233 721 3233 718 3233 687 3252 687 3321 683 3356 2676 3348 2680 3329 2676 3267 2542 3244 2538 3244 2430 3263 2403 3240 2400 3240 2396 3240 2392 3240 2257 3263 2254 3263 2154 3244 2150 3244 2146 3244 2142 3244 2123 3260 2104 3244 2104 3240 2100 3240 2096 3240 2092 3240 1923 3260 1823 3240 1820 3240 1816 3240 1812 3240 1789 3260 1708 3237 1704 3237"/></Shape>
	    <String CONTENT="frères de payer une indemnité de soixante dix francs pour "
                    HPOS="683"
                    VPOS="3233"
                    WIDTH="1997"
                    HEIGHT="123"></String>
          </TextLine>

          
          
          <TextLine ID="r1l34"
                    
                    BASELINE="689 3416 788 3416 887 3416 986 3416 1085 3416 1184 3416 1283 3416 1382 3416 1481 3417 1580 3417 1679 3416 1778 3416 1877 3416 1976 3416 2075 3416 2174 3416 2273 3416 2372 3416 2471 3416 2570 3416 2669 3414" 
                    HPOS="687"
                    VPOS="3325"
                    WIDTH="1981"
                    HEIGHT="130">
            <Shape><Polygon POINTS="2146 3325 2039 3344 1992 3325 1989 3325 1985 3325 1981 3325 1939 3344 1881 3325 1877 3325 1873 3325 1539 3344 1505 3329 1493 3329 1474 3329 1432 3344 1367 3329 1340 3329 1336 3329 1317 3348 1098 3348 979 3329 956 3329 929 3329 852 3344 829 3329 802 3329 794 3325 687 3344 687 3413 687 3455 2668 3440 2668 3413 2668 3348 2150 3325 2146 3325"/></Shape>
	    <String CONTENT="solde de tout compte et à laisser à Ecot la jouissance du "
                    HPOS="687"
                    VPOS="3325"
                    WIDTH="1981"
                    HEIGHT="130"></String>
          </TextLine>

          
          
          <TextLine ID="r1l35"
                    
                    BASELINE="663 3506 757 3509 851 3512 946 3513 1040 3515 1134 3515 1229 3516 1323 3516 1417 3515 1512 3515 1606 3515 1700 3513 1795 3513 1889 3513 1983 3512 2078 3512 2172 3512 2266 3513 2361 3513 2455 3515 2550 3516" 
                    HPOS="656"
                    VPOS="3417"
                    WIDTH="1893"
                    HEIGHT="131">
            <Shape><Polygon POINTS="2365 3417 2261 3432 2173 3448 2158 3432 2142 3421 2142 3417 2138 3417 2135 3417 2119 3417 2081 3417 2077 3417 2073 3417 2069 3417 2015 3436 1981 3448 1950 3436 1912 3421 1908 3421 1904 3421 1900 3421 1854 3436 1820 3452 1739 3452 1727 3436 1716 3429 1716 3425 1712 3425 1708 3425 1704 3425 1701 3425 1658 3440 1624 3448 1240 3448 1236 3444 1209 3417 1198 3417 1167 3417 1059 3432 1025 3417 1006 3417 990 3417 887 3444 748 3417 737 3417 714 3417 660 3444 660 3505 656 3532 2542 3548 2549 3513 2545 3432 2369 3417 2365 3417"/></Shape>
	    <String CONTENT="local qu&#x27;il occupe jusqu&#x27;au huit Juillet prochain ; "
                    HPOS="656"
                    VPOS="3417"
                    WIDTH="1893"
                    HEIGHT="131"></String>
          </TextLine>

          
          
          <TextLine ID="r1l36"
                    
                    BASELINE="671 3600 772 3603 873 3606 974 3608 1075 3609 1176 3609 1277 3609 1379 3609 1480 3609 1581 3609 1682 3608 1783 3607 1884 3606 1985 3606 2087 3606 2188 3606 2289 3608 2390 3608 2491 3611 2592 3614 2616 3635 2694 3704" 
                    HPOS="664"
                    VPOS="3509"
                    WIDTH="2031"
                    HEIGHT="200">
            <Shape><Polygon POINTS="1939 3513 1935 3513 1919 3525 1916 3528 1896 3525 1843 3513 1823 3513 1785 3513 1747 3513 1708 3513 1704 3513 1651 3521 1512 3540 1443 3517 1436 3517 1397 3517 1359 3517 1320 3517 1313 3517 1255 3528 1144 3517 1128 3517 1090 3517 1052 3517 1017 3513 979 3513 940 3513 902 3513 863 3513 825 3509 787 3509 748 3509 710 3509 672 3509 668 3598 664 3617 1171 3644 1175 3644 1178 3644 1190 3644 1244 3628 1305 3647 1309 3647 1313 3647 1317 3647 1328 3647 1482 3632 1501 3655 1505 3655 1505 3659 1509 3659 1512 3659 1516 3659 1532 3659 1651 3632 1858 3644 1862 3644 1866 3644 1919 3624 1931 3644 1935 3644 1935 3647 1939 3647 1943 3647 1946 3647 2104 3628 2599 3647 2680 3709 2691 3701 2695 3544 2526 3555 2461 3536 2434 3528 2430 3528 2426 3528 2423 3528 2419 3528 2411 3536 2388 3551 2365 3536 2353 3525 2350 3525 2346 3525 2254 3525 2250 3525 2246 3525 2219 3532 2161 3548 2142 3528 2131 3521 2131 3517 2127 3517 2123 3517 2119 3517 2115 3517 2081 3528 2065 3532 2042 3528 1969 3513 1939 3513"/></Shape>
	    <String CONTENT="Cahen frères n&#x27;ayant pas accepté cette proposition de conciliation "
                    HPOS="664"
                    VPOS="3509"
                    WIDTH="2031"
                    HEIGHT="200"></String>
          </TextLine>

          
          
          <TextLine ID="r1l37"
                    
                    BASELINE="672 3687 774 3693 876 3697 978 3699 1080 3701 1182 3701 1284 3701 1386 3699 1488 3698 1590 3697 1692 3696 1794 3694 1896 3693 1998 3692 2100 3692 2202 3693 2304 3696 2406 3699 2508 3704 2610 3711 2712 3720" 
                    HPOS="668"
                    VPOS="3601"
                    WIDTH="2043"
                    HEIGHT="131">
            <Shape><Polygon POINTS="2664 3682 2626 3647 2592 3617 2538 3647 2484 3613 2480 3613 2476 3613 2472 3613 2469 3613 2380 3644 2219 3609 2215 3609 2211 3609 2127 3636 2077 3609 2073 3609 2054 3609 2015 3609 1977 3609 1939 3609 1900 3609 1862 3609 1808 3636 1727 3609 1708 3609 1678 3609 1620 3632 1413 3609 1401 3609 1363 3609 1324 3609 1286 3609 1271 3609 1224 3628 1221 3628 1209 3628 1105 3609 1094 3609 1056 3609 1017 3609 986 3624 983 3624 794 3624 794 3621 771 3601 748 3601 725 3601 672 3617 672 3686 668 3713 2703 3732 2711 3717 2711 3651 2664 3636 2664 3682"/></Shape>
	    <String CONTENT="la cause fut renvoyée devant le Bureau Général du dit Conseil "
                    HPOS="668"
                    VPOS="3601"
                    WIDTH="2043"
                    HEIGHT="131"></String>
          </TextLine>

          
          
          <TextLine ID="r1l38"
                    
                    BASELINE="660 3777 762 3782 865 3785 968 3788 1071 3789 1173 3791 1276 3791 1379 3789 1482 3789 1584 3788 1687 3786 1790 3786 1893 3785 1995 3785 2098 3785 2201 3785 2304 3786 2406 3789 2509 3793 2612 3798 2715 3804" 
                    HPOS="652"
                    VPOS="3678"
                    WIDTH="2062"
                    HEIGHT="161">
            <Shape><Polygon POINTS="2615 3713 2576 3709 2538 3705 2519 3701 2396 3701 2254 3701 2250 3701 2246 3701 2196 3720 2181 3728 2177 3720 2154 3701 2154 3697 2150 3697 2146 3697 2142 3697 2138 3697 2085 3717 2062 3724 2019 3717 1923 3697 1919 3697 1916 3697 1870 3713 1839 3720 1797 3709 1743 3697 1739 3697 1735 3697 1670 3705 1601 3717 1582 3705 1570 3697 1539 3697 1501 3697 1493 3697 1474 3701 1378 3720 1274 3720 1255 3701 1232 3701 1205 3701 1175 3717 1017 3717 983 3697 963 3697 925 3697 887 3697 871 3694 817 3709 779 3694 771 3694 733 3690 725 3690 698 3709 664 3678 656 3774 652 3805 1263 3824 1267 3824 1271 3824 1290 3816 1320 3805 1424 3820 1463 3824 1466 3824 1470 3824 1486 3820 1536 3805 1589 3824 1605 3828 1608 3828 1612 3828 1693 3824 1885 3813 1946 3828 1962 3832 1966 3832 1969 3832 2042 3832 2365 3816 2442 3836 2446 3836 2449 3836 2453 3836 2599 3820 2707 3839 2714 3801 2714 3732 2649 3713 2615 3713"/></Shape>
	    <String CONTENT="séant le vendredi dix huit Juin mil huit cent Cinquante huit "
                    HPOS="652"
                    VPOS="3678"
                    WIDTH="2062"
                    HEIGHT="161"></String>
          </TextLine>

          
          
          <TextLine ID="r1l39"
                    
                    BASELINE="674 3875 770 3878 867 3881 963 3882 1060 3884 1157 3884 1253 3884 1350 3884 1446 3884 1543 3884 1640 3882 1736 3882 1833 3881 1929 3881 2026 3881 2123 3881 2219 3881 2316 3881 2412 3882 2509 3884 2606 3887" 
                    HPOS="668"
                    VPOS="3778"
                    WIDTH="1935"
                    HEIGHT="138">
            <Shape><Polygon POINTS="2261 3786 2257 3786 2254 3786 2231 3805 2219 3813 2085 3813 2023 3805 1854 3786 1823 3786 1808 3786 1774 3805 1770 3805 1747 3805 1578 3786 1555 3790 1516 3790 1482 3790 1390 3805 1378 3805 1370 3805 1324 3790 1324 3790 1286 3790 1248 3790 1232 3801 1094 3790 1094 3790 1056 3790 1017 3790 979 3790 948 3786 787 3801 725 3778 721 3778 718 3778 714 3778 672 3797 672 3874 668 3916 2599 3916 2603 3886 2599 3805 2265 3786 2261 3786"/></Shape>
	    <String CONTENT="Cités pour le dit jour dix huit Juin Cahen frères comparurent "
                    HPOS="668"
                    VPOS="3778"
                    WIDTH="1935"
                    HEIGHT="138"></String>
          </TextLine>

          
          
          <TextLine ID="r1l40"
                    
                    BASELINE="687 3971 785 3972 884 3974 982 3974 1081 3975 1179 3975 1278 3974 1376 3974 1475 3973 1573 3972 1672 3971 1771 3971 1869 3969 1968 3969 2066 3969 2165 3969 2263 3969 2362 3971 2460 3972 2559 3975 2658 3978" 
                    HPOS="683"
                    VPOS="3878"
                    WIDTH="1974"
                    HEIGHT="134">
            <Shape><Polygon POINTS="2561 3886 2522 3886 2492 3882 2438 3897 2346 3882 2330 3882 2300 3882 2227 3897 2223 3897 1946 3882 1946 3882 1908 3882 1870 3882 1850 3882 1751 3897 1747 3897 1716 3882 1681 3882 1674 3882 1570 3897 1551 3882 1528 3886 1489 3886 1451 3886 1413 3886 1374 3886 1336 3886 1297 3886 1259 3886 1248 3886 1128 3897 1117 3897 1102 3886 1067 3886 1029 3882 990 3882 952 3882 913 3882 879 3882 848 3897 844 3897 837 3897 748 3878 721 3878 714 3878 683 3893 683 3970 683 4008 733 3989 752 4005 752 4008 756 4008 760 4008 764 4008 814 4008 2158 3993 2208 4012 2211 4012 2215 4012 2219 4012 2223 4012 2223 4008 2242 3993 2553 3993 2649 4012 2657 3974 2653 3901 2565 3886 2561 3886"/></Shape>
	    <String CONTENT="par l&#x27;un d&#x27;eux. A l&#x27;appel de la cause Ecot se présenta et "
                    HPOS="683"
                    VPOS="3878"
                    WIDTH="1974"
                    HEIGHT="134"></String>
          </TextLine>

          
          
          <TextLine ID="r1l41"
                    
                    BASELINE="662 4056 761 4061 860 4063 959 4065 1058 4067 1157 4068 1256 4070 1355 4070 1454 4070 1553 4069 1652 4068 1751 4068 1850 4067 1949 4067 2048 4067 2147 4065 2246 4067 2345 4067 2444 4068 2543 4070 2643 4073" 
                    HPOS="660"
                    VPOS="3974"
                    WIDTH="1981"
                    HEIGHT="180">
            <Shape><Polygon POINTS="1731 3974 1670 3989 1639 3997 1593 3989 1489 3974 1486 3974 1482 3974 1478 3974 1459 3989 1455 3997 1290 3997 1259 3989 1159 3978 1121 3978 1082 3978 1044 3974 1006 3974 967 3974 959 3974 771 3989 744 3974 737 3974 698 3974 660 3989 660 4055 664 4120 695 4097 741 4120 814 4151 817 4151 1405 4154 1409 4154 1413 4154 1505 4108 1536 4097 1620 4108 1674 4116 1678 4116 1877 4104 2065 4097 2077 4104 2104 4128 2104 4131 2108 4131 2112 4131 2115 4131 2273 4101 2280 4101 2284 4101 2327 4139 2330 4139 2334 4139 2338 4139 2342 4139 2419 4101 2426 4101 2545 4120 2549 4120 2553 4120 2638 4097 2641 4070 2638 3989 2373 4001 2350 3989 2334 3978 2330 3978 2327 3978 2323 3978 2319 3978 2292 3989 2265 4001 2254 3989 2246 3982 2246 3978 2242 3978 2238 3978 2050 3974 2046 3974 1969 3989 1935 3997 1927 3989 1912 3978 1912 3974 1908 3974 1904 3974 1739 3974 1735 3974 1731 3974"/></Shape>
	    <String CONTENT="conclut à ce qu&#x27;il plut au Bureau Général du dit Conseil "
                    HPOS="660"
                    VPOS="3974"
                    WIDTH="1981"
                    HEIGHT="180"></String>
          </TextLine>

          
        </TextBlock>
        
      </PrintSpace>
    </Page>
  </Layout>
</alto>
