4608 3072
1121 760 2401 187 case neuf signés : L Drevon Roguer ne comparu pas. A l’appel de

1139 883 2396 171 la cause Denhard se présenta et conclu à ce qu’il plut au Bureau

1128 990 2412 174 Général du dit Conseil donner défaut contre Roguer non comparant

1108 1116 2409 164 ni personne pour lui quoique dument appelé et pour le profit le

1111 1221 2416 169 condamner à lui payer avec intérêts suivant la loi la somme de

1128 1338 2417 172 quatorze francs qu’il lui doit pour prix de travaux par lui faits

1095 1464 2442 171 pour son compte, d’après ses ordres et dans ses ateliers, plus une indemnité

1088 1569 2460 184 pour le préjudice de perte de temps qu’il lui a fait éprouver en ne

1126 1702 2419 159 comparaissant pas devant les Bureaux du Conseil et les dépens.

1134 1792 2416 192 Point de droit - Devait-on donner défaut contre Roguer non

1108 1932 2445 174 comparant ni personne pour lui quoique dument appelé et pour le profit

1093 2053 2457 156 adjuger au demandeur les conclusion par lui précédemment prises ?

1088 2152 2449 175 Que devait-il être statué à l’égard des dépens ? Après avoir entendu

1098 2265 2462 174 Denhard en ses demandes et conclusion et en avoir délibéré conformément

1116 2401 2444 146 à la loi ; attendu que la demande de Denhard paraissait juste et fondée ;

1100 2501 2484 179 Que d’ailleurs elle n’est pas contestée par Roguer non comparant

1021 2629 2534 161 ni personne pour lui quoique dument appelé ; attendu qu’en ne

1093 2759 2485 164 comparaissant pas devant les Bureaux du Conseil Roguer a
