4608 3072
801 468 3085 164 ateliers, pour son compte et d’après ses ordres, plus une indemnité

775 568 3131 202 de dix francs pour temps perdu ; Le condamner en outre aux dépens taxés

773 750 3143 158 et liquidé en vers le demandeur à la somme de quatre francs vingt un

729 860 3175 194 centimes et à celle de deux francs envers le Trésor Public pour le papier

734 998 3187 207 timbré de la présente minute, conformément à la loi de le papier timbré et

762 1144 3177 202 l’enregistrement de la citation, conformément à la loi du sept aout mil

757 1310 3177 182 huit cent cinquante, ence, non compris le cout du présente jugement, la

773 1410 3182 243 signification d’icelui et ses suites. Et vu les articles 435 du code de

724 1571 3200 236 procédure civile, 27 et 42 du secret du onze juin 1809 pour signifier

742 1712 3228 231 au défendeur le présent jugement, commet Potin, l’un de ses huissiers

732 1899 2916 302 audienciers. Ainsi jugé les jour moi et ans que dessus.
