3072 4608
1451 284 803 134 Du dit jour quinze Janvier

829 357 2120 165 Entre monsieur Claude françois Fortin, chef d’atelier, demeurant

798 464 2147 138 Et domicilié à Bagnolet près Paris, rue du Coq français, numéro

798 549 2120 169 huit ; Demandeur ; Comparant ; D’une part ; Et monsieur

814 648 2119 158 Jean Clavière, agissant au nom et comme chargé de l’administration,

791 741 2138 153 Des biens et de la persosnne de son fils mineur Louis Clavière appranti,

802 840 2116 135 Demeurant le dit sieur Clavière, rue des Pavillons, numéro vingt

791 929 2096 142 A Belleville ; Défendeur ; D’éfaillant ; D’autre part ; Point

798 1025 2135 146 De fait ) Par lettre du secrétaire du Conseil de Prud’hommes du

779 1109 2116 150 Département de la Seine pour l’industrie des tissus, en date du

779 1209 2127 154 Samedi neuf janvier mil huit cent cinquante huit Fortin fit citer

794 1305 2039 150 Clavière ès nom qu’il agit, à comparaître pardevant le Conseil de

798 1401 2108 150 Prud’hommes séant en bureaux particuliers le lundi onze janvier

787 1497 2112 161 Mil huit cent cinquante huit pour se concilier si faire se pouvait

791 1585 2081 154 Sur la demande qu’il entendait former contre lui devant le dit conseil

775 1685 2131 150 En éxécution de convention verbale d’apprentissage consentie pour

775 1781 2143 165 son fils  Louis en juillet il huit cent cinquant cinq. A l’appel

764 1877 2146 158 de la cause Fortin se présenta et exposa au Conseil que suivant

775 1973 2124 154 convention verbale en date de juillet mil huit cent cinquante cinq

775 2062 2131 165 Clavière placa chez lui son fils louis, alors agé de neuf ans et demi

760 2165 2135 150 en qualité d’apprenti ouvrier Chalier ; La durée de l’apprentissage

741 2254 2177 180 était fixée jusqu’au jour ou l’apprenti arait atteint sa dix huitième

760 2357 2150 162 année, à la charge par lui, Fortin de le nourrir, loger, blanchir,

768 2453 2123 162 entretenir de tous vêtement et de lui faire faire sa première

741 2549 2119 173 communion ; quel jour de l’an dernier l’ayant renvoyé

748 2653 2143 161 remplir ses devoirs envers son père celui-ci le garda près de lui

760 2753 2127 176 et se refusa à le lui renvoyer malgré les incistance qu’il fit

748 2841 2166 188 à cet effet. De son coté Clavière ès qualité qu’il agit, se présenta

741 2945 2177 184 et explosa au Conseil que, bien qu’il n’a pas contracté pour laisser

737 3041 2139 165 son fils en qualité d’apprentissage jusqu’à l’âge de dix huit ans, il

744 3137 2139 180 ne l'a pas gardé près de lui pour ne pas le renvoyer chez son patron

752 3233 2108 188 mais pour lui donner des soins, l'enfant s'étant déclaré malade

744 3333 2128 192 que l'ayant fait visiter pas un médecin celui-ci avait déclaré

741 3432 2162 185 que l'état lui était nuisible ; que du reste il a beaucoup à reprocher

744 3528 2120 185 à Fortin sur la manière dont il nourrit son fils. Interrogé par

729 3624 2162 173 les membre composants le Bureau Particulier l'apprenti déclara se lever

737 3720 2143 181 à six heure le matin en été, à sept heure en Iver, manger la soupe

733 3816 2116 169 à onze heure le matin à dîner à quatre heures de l'après midi.

741 3909 2135 169 Le bureau Particulier fut d'avis que Clavière devait faire rentrer son fils

729 4012 2120 185 chef Fortin pour y continuer son apprentissage jusqu'à l'age de

721 4097 2143 257 seize ans seulement, cette durée lui paraissant suffisente. Et engager
