4608 3072
1536 977 2071 144 cinquante francs elle croyait payer suffisamment en y ajoutant celle

1520 1064 2087 146 de trente francs qu’elle offrait payer. Elle reconnait devoir celle de vingt

1530 1169 2069 136 quatre francs pour quatre journées passées à monter et organiser la

1520 1274 2130 134 machine. Boyer nia avoir reçu la somme de cinquante francs à compte

1510 1359 2132 141 sur le prix d’apprentissage et persista dans sa demande. Le Bureau Particulier

1525 1461 2110 126 proposa aux parties de se concilier par le paiement de la somme

1523 1559 2109 128 de soixante quatorze francs au projet de Boyer. Cette proposition

1500 1658 2107 110 de conciliation fut repoussée par Boyer qui persista à exiger

1525 1763 2125 128 le paiement de cent francs pour le prix de l’apprentissage déclarant que

1528 1858 2109 133 cette somme lui avait été offerte par Borne en un billet payable à

1518 1955 2122 113 une année de date, que la longueur de l’échange l’avait seule empêche

1512 2058 2041 130 de l’accepter. Les parties n’ayant pas été conciliées la cause fut

1525 2150 2130 125 renvoyée devant le Bureau Général du dit Conseil séant le vendredi

1515 2242 2145 126 vingt deux janvier mil huit cent cinquante huit. Cité pour le dit jour

1520 2332 2120 135 vingt deux Janvier Borne comparut. A l’appel de la cause Boyer

1500 2424 2145 159 se présenta et conclut à ce qu’il plut au Bureau Général du dit Conseil

1492 2529 2171 156 condamner Borne à lui payer avec intérêts suivant la loi la somme

1510 2634 2094 146 de cent vingt francs qu’il doit : celle de cent francs pour prix

1505 2734 2140 207 d’apprentissage et celle de vingt quatre francs pour prix de quatre
