3072 4608
737 272 1954 177 vingt deux francs trente centimes qu'il lui doivent pour prix de

729 380 2005 165 travaux par elle faits pour leur Compte, sur leurs ordres et dans leurs

725 464 2012 165 ateliers ; Dire et ordonner que dans le jour du jugement à intervenir

729 552 2016 169 les dits époux Déluc seront tenus de lui restituer une robe qu'ils

733 641 1997 165 lui retiennent indument, sinon et faute par eux de faire dans le dit

748 741 1997 157 jour et icelui passé les condamner dès à présent à lui payer avec

733 833 1966 150 intérêts suivant la loi la somme de vingt francs pour lui en tenir

721 917 2032 165 lieu et les condamner en outre aux dépens. Point de droit —

721 1009 1970 150 Doit-en donner défaut contre les époux Deluc non comparants ni

721 1102 1978 169 personne pour eux quoique dument appelés et pour le profit adjuger à

725 1194 1974 138 la demanderesse les conclusions par elle précédemment prises ? Que

725 1282 2035 150 doit-il être statué à l'égard des dépens ? Après avoir entendu la demoiselle

718 1378 2004 127 Weber en ses demandes et conclusions et en avoir délibéré conformément

733 1474 2012 131 à la loi Attendu que la demande de la demoiselle Weber parait juste

729 1562 2031 146 et fondée ; Que d'ailleurs elle n'est pas contestée par les époux Deluc

718 1658 1970 119 non comparants ni personne pour eux quoique dument appelés ; Par

729 1751 2024 122 ces motifs - Le Bureau Générale jugeant en dernier ressort autorise

748 1847 1989 122 la dame Deluc à citer en justice faute par son mari de l'avoir fait ;

764 1939 1989 119 Donne défaut contre les époux Deluc non comparants ni personne pour

729 2031 2020 134 eux quoique dument appelés ; Et adjugeant le profit du dit défaut

737 2131 2023 123 Condamne les époux Deluc à payer avec intérêts suivant la loi à la

744 2223 2013 127 demoiselle Weber la somme de Vingt deux francs Trente centimes

744 2319 1982 134 qu'ils lui doivent pour prix de travaux de son état par elle faits pour

733 2411 2016 131 leur Compte d'apres leurs ordres et dans leurs ateliers; Dit et ordonne

725 2499 2012 139 que dans le jour de la signification du présent jugement les époux

725 2588 2047 134 Deluc seront tenus de restituer à la demoiselle Weber une robe qu'ils

706 2684 2074 130 lui retiennent indument sinon et faute par eux de ce faire dans le dit

733 2776 2070 142 jour les condamne dès à présent à lui payer avec intérêts suivant la

725 2868 2028 142 loi la somme de Vingt francs pour lui en tenir lieu, Condamne

718 2960 2058 150 les époux Deluc aux dépens taxés et liquidés envers la demanderesse à

725 3056 2039 154 la somme de deux francs dix Centimes, et à celle de soixante quinze Centimes

702 3148 2078 154 envers le Trésor Public pour le papier timbré de la présente minute, Conformément

733 3244 2051 146 à la loi du sept août mil huit Cent Cinquante, ence, non compris le cout

748 3333 2047 157 du présent jugement, la signification d'icelui et ses suites. et vu les articles

741 3432 2035 146 437 du code de procédure civile, 27 et 42 du décret du onze juin 1809 pour

733 3521 2027 173 signifier aux défendeurs le présent jugement commet Potin, l'un de ses

721 3609 2020 246 huissiers audienciers. Ainsi jugé les jour mois et an que dessus.
