4608 3072
1405 276 2232 161 acceptèrent cette proposition de Conciliation ; Mais elle fut repoussée par

1400 394 2222 130 la dame Duroy. La cause ou cet état fus renvoyée devant le Bureau

1423 481 2217 146 général dudit Conseil réuni en Bureau Général le Vendredi du Vingt

1402 586 2235 141 huit Mai mil huit Cent Cinquante huit. Cité pour ledit jour vingt

1400 698 2232 146 huit Mai Duroy ne Comparut pas. A l'appel de la cause les époux

1423 806 2214 141 Gathelier se présentèrent et conclurent à ce qu'il plut au Bureau Général

1420 908 2230 144 du dit Conseil donner défaut contre Duroy, ès noms et qualités qu'il agit

1413 1016 2229 141 non cons avant ni par soin ni pour lui régulièrement quoique dument

1423 1116 2227 166 appelé et pour le profit Dise avoir donner que dans le jour du jugement

1418 1228 2183 141 à intervenir Duroy sera tenu de faire rentrer sa fille maria dans

1415 1333 2225 149 leurs ateliers pour y continuer son apprentissage sinon et faute pour

1423 1438 2204 138 lui de ce faire dans ledit jour et icelui par le condamner à leur

1400 1546 2224 143 payer avec intéréts suivant la loi la somme de quatrevints francs à

1410 1648 2232 149 titre de dommages-intérêts et le condamner en outre aux dépents .

1425 1766 2225 136 Point de droit — Doit on donner défaut contre Duroy non comparant

1420 1873 2230 151 ni personne pour lui quoique dument appelé et pour le profit adjuger aux

1436 1986 2204 120 demandeurs les conclusions par eux précèdemment prises ? Que doit-il

1420 2078 2233 144 être statué à l'égard des époux ? Après avoir entendu les époux Gathelier

1405 2196 2230 128 en leurs demandes et conclusions et en avoir délibéré conformément à la

1397 2293 2251 167 loi ; Attendu que la demande des époux Gathelier et juste et fondée ; que

1433 2403 2232 136 d'ailleurs elle n'est pas contestée par Duroy non comparant ni personne

1436 2490 2222 146 pour lui régulièrement  quoi dument appelé ; Par ces motifs

1423 2595 2227 139 le bureau général jugeant en premier ressort — Donne défaut contre

1418 2718 2250 126 Duroy non comparant ni personne pour lui régulièrement quoique

1448 2800 2205 159 dument appelé ; Et adjugeant le profit du dit défaut; Dit et

1446 2910 2219 128 ordonne que dans le jour qui suivra la signification du présent jugement
