4608 3072
1477 542 2439 172 la loi ; attendu que la demande de la demoiselle Flamand est juste et fondée ; que d’ailleurs

1477 660 2444 151 elle n’est pas contestée par la veuve Voyon non comparante ni personne pour elle quoique dument appelée ;

1497 762 2450 151 attendu qu’en ne comparaissant pas devant les Bureaux du Conseil la veuve Voyon a causé à la demoiselle

1487 865 2417 156 Flamand un préjudice de perte de temps, ce qu’elle doit réparer ; Par ces motifs - Le Bureau Général

1477 993 2434 128 jugeant en dernier ressort ; Donne défaut contre la veuve Voyon non comparante ni personne pour

1461 1095 2466 138 elle quoique dument appelée ; Et adjugeant le profit du dit défaut ; condamne la veuve Voyon

1502 1208 2389 136 à payer avec intérêts suivant la loi à la demoiselle Flamand la somme de vingt un francs

1477 1318 2478 120 cinquante centimes qu’elle lui doit pour prix de travaux ; Condamne la veuve Voyon aux dépens taxés et

1474 1433 2481 126 liquidés en vers la demanderesse à la somme de quatre vingt dix centimes, et à celle de soixante quinze

1441 1548 2506 133 centimes envers le Trésor Public pour le papier timbré de la présente minute, conformément à la loi

1495 1669 2485 138 du sept aout mil huit cent cinquante, ence, non compris le cout du présent jugement, la signification

1492 1771 2450 166 d’icelui et ses suites. Et vu les articles 435 du code de procédure civile, 27 et 42 du secret du onze juin

1495 1889 2452 169 1809 pour signifier au défendeur le présent jugement, commet Potin, l’un de ses huissiers audienciers.

1492 2022 952 156 Ainsi jugé les jour moi et ans que dessus.
