4608 3072
1318 145 2447 175 chaussée Clignancourt, numéro quarante ; Défenderesses ; Comparant

1285 253 2275 177 par la dame veuve Seurat ; D’autre part ; Point de fait –

1300 368 2463 177 Par lettre du secrétaire du Conseil de Prud’homme du Département

1305 499 2494 148 de la Seine pour l’industrie des tissus en date des samedi trente Janvier

1303 591 2501 166 et lundi premier Février mil huit cent cinquante huit les époux Viedenloecher

1300 698 2463 174 firent citer les défenderesses à comparaitre pardevant le dit conseil de

1351 814 2401 166 Prud’homme pour se concilier si faire se pouvait sur la demande qu’ils

1300 934 2501 164 entendaient former contre elles devant le dit conseil en paiement de la somme

1318 1039 2442 166 de cent cinquante trois qu’elles leur doivent pour prix de travaux faits

1300 1154 2432 156 par la dame Viedenloecher pour leur compte et d’après leur ordres.

1285 1269 2539 151 Les défenderesses n’ayant pas comparu la cause fut renvoyée devant le Bureau

1295 1382 2521 146 Général du dit conseil séant le vendredi cinq février mil huit cent cinquante

1313 1487 2506 159 huit. Citées pour le dit jour cinq février les défenderesses comparurent

1287 1612 2519 172 par la dame veuve Seurat, l’une d’elles. A l’appel de la cause les époux

1272 1738 2550 130 Viedenloecher se présentèrent et conclurent à ce qu’il plus au Bureau Général

1285 1858 2485 128 du dit conseil condamner la veuve Seurat et la demoiselle Seurat à

1280 1960 2562 146 leur payer solidairement et avec intérêts suivant la loi la somme de cent cinquante

1272 2068 2506 182 trois francs qu’elles leur doivent pour prix de travaux faits pas la dame

1274 2201 2507 128 Viedenloecher pour leur compte et sur leurs ordres et les condamner en

1272 2311 2552 144 outre aux dépens. De son coté la veuve Seurat se présenta et déclara au

1282 2437 2552 115 conseil qu’elle se  reconnaissent débitrice de la somme réclamée par les demandeurs.

1259 2539 2552 125 Elle conclut à ce qu’il plut au Bureau Général du dit conseil attendu qu’elle ne

1264 2654 2558 146 peut payer cette somme en ce miment lui accorder terme et délais. Point

1272 2787 2514 141 de droit – Devait-on condamner la veuve et la demoiselle Seurat à
