3072 4608
99 1839 706 1985 sur laquelle somme il lui
103 1973 691 2050 Sera retenu au profit des
99 2012 710 2123 époux Jonquet la somme
72 2081 714 2184 de un franc cinquante
88 2150 706 2257 six centimes pour les couts
76 2200 733 2307 de l'une des deux Citations
84 2277 556 2488 renvoi approuvé
798 291 2772 499 à payer aux époux Jonquet la somme de soixante francs pour la valeur
791 391 2760 583 représentative des dites dentelles ? Condamner en outre la demoiselle Lucas
802 491 2760 675 à payer aux demandeurs la somme de dix neuf francs quatre vingt
794 572 2757 756 dix centimes pour autant que la dame Jonquet a dépensé en art et de
771 660 2764 848 fournitures devant servir à la confection des dits bonnets et qui n'ont
775 752 2749 940 pu être employées par le fait de la dite demoiselle Lucas ? Ou bien
798 848 2764 1029 doit-on dire que la demoiselle Lucas ayant offert de remettre les
783 929 2784 1121 bonnets confectionnés  après avoir éxécuté les rectifications demandées
783 1032 2791 1217 par la dame Jonquet, et que la dame Jonquet les ayant refusés il
771 1128 2772 1301 y a lieu à la débouter de ses demandes ? recevoir reconventionnellement
783 1217 2787 1401 la demoiselle Lucas demanderesse, Condamner les époux Jonquet à lui payer
764 1301 2791 1493 la somme de huit francs pour la façon des quatre bonnets qu'elle
768 1405 2784 1585 a confectionnés pour leur compte et sur leurs ordres ? que doit il être
764 1501 2768 1674 Statué à l'écart des dépens ? Après avoir entendu les parties en leurs
733 1589 2772 1774 demandes et conclusions respectivement et en avoir délibéré conformément
756 1689 2760 1854 à la loi ; attendu qu'il résulte de ses explications des parties que la
748 1789 2795 1954 demoiselle Lucas a confectionné quatre bonnets pour le compte des
764 1885 2787 2062 époux Jonquet ; qu'il n'a été fixé aucun prix pour la façon desdits
756 1973 2795 2150 bonnets. attendu qu'il est constant que la demoiselle Lucas n'a pas
752 2073 2787 2246 refusé la livraison des dits bonnets ; qu'elle y a fait les rectifications
748 2165 2795 2327 demandées par la dame Jonquet et que s'ils n'ont pas été livrés
756 2265 2772 2426 par la défenderesse c'est par suite du refus de la dame Jonquet
752 2365 2795 2526 de les recevoir ; attendu qu'il résulte de tous ces faits que les époux
733 2461 2776 2626 Jonquet ne sont pas fondés dans leur prétention à laisser pour
733 2565 2757 2714 Compte à la demoiselle Lucas les Bonnets dont s'agit en lui
741 2664 2791 2810 faisant payer le prix des marchandises qui devaient servir à leur
718 2753 2795 2906 Confection ; attendu que le conseil ayant les éléments nécessaires
721 2856 2784 3010 fixe le prix de la façon de chacun des quatre bonnets à la somme
714 2952 2791 3091 de un franc cinquante centimes. Par ces motifs - Le Bureau
721 3052 2776 3183 Général jugeant en dernier ressort — Déclare les époux
706 3152 2780 3290 Jonquet nonrecevable en leurs demandes, Les en déboute, reçoit
702 3248 2791 3398 la demoiselle Lucas reconventionnellement demanderésse ;
687 3340 2780 3498 Condamne les époux Jonquet à lui payer avec intérêts suivant la
695 3440 2780 3598 loi la somme de six francs qu'ils lui doivent pour prix de la façon
683 3548 2791 3701 de quatre bonnets à raison de un franc cinquante Centimes chaque ;
691 3644 2780 3786 Condamne les époux Jonquet aux dépens tant envers la demanderesse
687 3740 2741 3878 qu'envers le Trésor et la demoiselle Lucas à payer les dépens
702 3839 2776 3970 envers le Trésor Public par moitié, lesquels sont taxés et liquidés à la
702 3947 2757 4085 Somme de trois francs vingt cinq centimes pour le cout du papier
668 4035 2776 4181 Timbré de la présente minute, le cout du papier timbré et de l'enregistrement
687 4135 2757 4320 des deux Citations, Conformément à la loi du sept août mil huit
