<?xml version="1.0" encoding="UTF-8"  standalone="yes"?>
<PcGts xmlns="http://schema.primaresearch.org/PAGE/gts/pagecontent/2019-07-15" xmlns:xsi="http://www.w3.org/2001/XMLSchema-instance" xsi:schemaLocation="http://schema.primaresearch.org/PAGE/gts/pagecontent/2019-07-15 http://schema.primaresearch.org/PAGE/gts/pagecontent/2019-07-15/pagecontent.xsd">
  <Metadata>
	<Creator>escriptorium</Creator>
	<Created>2024-01-18T17:35:48.796551+00:00</Created>
        <LastChange>2024-01-18T17:35:48.796568+00:00</LastChange>

  </Metadata>
  <Page imageFilename="PH 1858-73.jpg" imageWidth="4608" imageHeight="3072">

    

    
    <TextRegion id="eSc_dummyblock_">
    
    
      <TextLine id="r2l8" >
        <Coords points="1351,637 1351,657 1512,647 1584,660 1597,660 1600,660 1602,660 1605,660 1628,647 1692,660 1702,660 1704,660 1722,660 1866,645 1955,657 1958,657 2068,634 2152,650 2155,650 2327,634 2465,647 2467,647 2910,634 2951,657 2954,657 2956,657 2959,657 2961,657 2964,657 2995,634 3102,634 3225,660 3228,660 3230,663 3363,663 3363,660 3366,660 3368,660 3392,645 3527,660 3532,637 3530,565 3432,565 3356,529 3353,529 3292,529 3289,529 3287,529 3284,529 3228,563 3133,537 3130,537 3128,537 3125,537 3095,552 3064,529 3061,529 3059,529 3056,529 3054,529 2982,547 2938,529 2936,529 2728,529 2726,529 2723,529 2657,565 2611,565 2562,532 2560,532 2557,532 2554,532 2552,532 2529,542 2508,529 2506,529 2503,529 2501,529 2498,529 2496,529 2447,565 2283,565 2204,529 2201,529 2199,529 2071,560 1981,529 1978,529 1976,529 1973,529 1889,563 1758,563 1666,532 1664,532 1556,529 1553,529 1551,529 1448,565 1351,565 1351,637"/>
        <Baseline points="1353,638 1462,638 1571,636 1680,636 1789,633 1898,632 2007,630 2116,627 2225,626 2334,623 2443,621 2552,620 2661,618 2770,618 2879,618 2988,620 3097,621 3206,624 3315,629 3424,633 3534,639"/>
        <TextEquiv>
          <Unicode> à titre de d’indemnité ? Que devait-il être statué à l’égard des dépens ? </Unicode>
        </TextEquiv>
      </TextLine>

    
    
      <TextLine id="r2l9" >
        <Coords points="1756,634 1753,634 1661,663 1658,663 1338,663 1338,732 1336,757 1658,760 1661,760 1664,760 1725,744 1907,762 1930,762 1932,762 1935,762 1940,762 2001,737 2035,755 2037,755 2040,755 2042,755 2073,742 2117,757 2119,757 2122,757 2124,757 2191,739 2337,755 2339,755 2798,739 2862,755 2864,755 2867,755 2869,755 2933,737 3100,739 3171,765 3174,765 3176,765 3292,739 3514,768 3520,742 3520,673 3445,673 3445,670 3368,645 3366,645 3363,645 3361,645 3358,645 3317,670 3315,673 3130,673 3125,670 3054,647 3051,647 3048,647 3046,647 2984,670 2979,670 2977,670 2928,634 2926,634 2923,634 2920,634 2810,647 2472,634 2470,634 2467,634 2465,634 2419,665 2373,642 2370,642 2368,642 2365,642 2329,660 2291,632 2288,632 2286,632 2178,632 2176,632 2173,632 2170,632 2150,647 2035,632 2032,632 2030,632 1948,660 1927,645 1925,645 1922,645 1758,634 1756,634"/>
        <Baseline points="1340,734 1449,734 1558,734 1667,734 1776,732 1885,731 1994,728 2103,726 2212,725 2321,722 2431,720 2540,719 2649,719 2758,717 2867,719 2976,720 3085,722 3194,726 3303,731 3412,737 3522,744"/>
        <TextEquiv>
          <Unicode>Après avoir entendu les parties en leurs demandes et conclusions respectivement </Unicode>
        </TextEquiv>
      </TextLine>

    
    
      <TextLine id="r2l10" >
        <Coords points="1367,834 1367,852 2012,847 2065,860 2068,860 2071,860 2073,860 2076,860 2147,842 2188,857 2191,857 2193,857 2498,844 2626,865 2631,865 2634,865 2636,865 2739,844 3005,844 3051,870 3054,870 3056,870 3059,870 3061,870 3064,870 3105,849 3274,849 3543,872 3548,855 3548,785 3440,750 3438,750 3435,750 3432,750 3399,762 3361,747 3358,747 3230,744 3228,744 3225,744 3223,744 3166,780 3151,770 3148,770 3146,770 3143,770 3059,783 3041,785 3036,783 3013,765 3010,765 3008,765 2864,742 2862,742 2736,755 2734,755 2703,773 2667,747 2664,747 2662,747 2524,739 2521,739 2519,739 2516,739 2488,760 2457,737 2455,737 2452,737 2449,737 2447,737 2314,778 2309,778 2260,742 2257,742 2255,742 2201,734 2124,734 2122,734 2119,734 2048,775 2042,775 1863,775 1861,773 1802,734 1799,734 1797,734 1794,734 1792,734 1789,734 1733,773 1728,773 1367,770 1367,834"/>
        <Baseline points="1368,837 1477,839 1586,839 1695,839 1804,837 1913,836 2022,834 2131,833 2240,830 2349,828 2458,827 2567,825 2676,824 2785,824 2894,825 3003,827 3112,830 3221,834 3330,839 3439,846 3549,857"/>
        <TextEquiv>
          <Unicode>et en avoir délibéré conformément à la loi ; attendu que malgré les dires </Unicode>
        </TextEquiv>
      </TextLine>

    
    
      <TextLine id="r2l11" >
        <Coords points="1349,936 1346,962 2068,967 2071,967 2073,967 2076,967 2096,952 2188,965 2191,965 2193,965 2196,965 2222,947 2447,947 2470,960 2472,960 2475,960 2478,960 2480,960 2483,960 2503,947 2662,947 3048,947 3136,965 3138,965 3338,952 3527,975 3532,949 3530,890 3468,890 3468,888 3394,852 3392,852 3389,852 3386,852 3345,870 3310,847 3307,847 3304,847 3159,847 3156,847 3153,847 3110,870 3054,844 3051,844 2897,844 2895,844 2892,844 2854,862 2749,844 2746,844 2744,844 2688,875 2590,867 2588,867 2585,867 2583,867 2562,883 2560,885 2485,885 2483,883 2416,855 2414,855 2411,855 2408,855 2406,855 2362,883 2360,883 2324,870 2321,870 2319,870 2193,880 2152,852 2150,852 2147,852 2145,852 2065,862 2032,839 2030,839 2027,839 1984,839 1981,839 1978,839 1904,875 1784,865 1781,865 1687,878 1684,878 1630,860 1628,860 1625,860 1623,860 1576,878 1574,878 1349,878 1349,936"/>
        <Baseline points="1350,939 1459,941 1568,941 1677,941 1786,939 1896,938 2005,936 2114,935 2223,932 2332,930 2442,929 2551,927 2660,927 2769,926 2878,927 2988,927 3097,930 3206,933 3315,938 3424,944 3534,951"/>
        <TextEquiv>
          <Unicode>des ouvriers entendus à titre de renseignement sur la demande de Bonnefoy </Unicode>
        </TextEquiv>
      </TextLine>

    
    
      <TextLine id="r2l12" >
        <Coords points="1338,1041 1338,1064 1835,1054 1945,1067 1953,1067 1955,1067 1960,1067 2083,1047 2240,1064 2242,1064 2245,1064 2247,1064 2273,1049 2370,1049 2444,1070 2452,1070 2455,1070 2457,1070 2470,1070 2560,1052 2803,1049 2869,1064 2872,1064 2874,1064 2877,1064 2910,1049 3253,1049 3281,1070 3284,1070 3287,1070 3289,1072 3535,1072 3537,1047 3537,967 3486,949 3484,949 3481,949 3479,949 3430,967 3397,980 3376,967 3343,947 3340,947 3338,947 3238,947 3235,947 3143,970 3084,983 3066,970 3046,954 3043,954 3041,954 2928,947 2926,947 2923,947 2859,970 2823,983 2667,983 2644,972 2626,965 2624,965 2621,965 2583,972 2531,983 2516,972 2478,947 2475,947 2472,947 2234,944 2232,944 2229,944 2142,975 2129,977 2119,975 2050,954 2048,954 2045,954 2042,954 1991,975 1978,983 1843,983 1832,975 1786,957 1784,957 1781,957 1692,977 1674,980 1656,977 1538,952 1536,952 1533,952 1530,952 1495,977 1489,980 1338,980 1338,1041"/>
        <Baseline points="1341,1043 1456,1044 1572,1044 1688,1043 1803,1043 1919,1041 2035,1038 2151,1037 2266,1035 2382,1034 2498,1032 2614,1032 2729,1031 2845,1031 2961,1032 3077,1034 3192,1035 3308,1039 3424,1043 3540,1049"/>
        <TextEquiv>
          <Unicode>que le conseil n’en reste pas moins convaincu que Bonnefoy a après la </Unicode>
        </TextEquiv>
      </TextLine>

    
    
      <TextLine id="r2l13" >
        <Coords points="1323,1139 1320,1162 1866,1152 1889,1167 1891,1167 1894,1167 1896,1169 2065,1169 2065,1167 2068,1167 2129,1152 2170,1169 2173,1169 2176,1169 2178,1172 2375,1172 2375,1169 2378,1169 2380,1169 2396,1157 2442,1169 2444,1169 2447,1169 2449,1169 2460,1169 2631,1152 2844,1164 2846,1164 3164,1154 3187,1169 3189,1169 3192,1169 3256,1172 3304,1172 3307,1172 3310,1172 3312,1172 3338,1154 3430,1154 3540,1172 3545,1146 3543,1088 3409,1088 3409,1085 3386,1070 3384,1070 3381,1070 3379,1070 3376,1070 3335,1085 3302,1059 3299,1059 3297,1059 3294,1059 3235,1072 3212,1054 3210,1054 3207,1054 3159,1054 3156,1054 3153,1054 3151,1054 3107,1085 3105,1088 3048,1088 3046,1085 2969,1054 2967,1054 2964,1054 2844,1077 2800,1052 2798,1052 2795,1052 2792,1052 2698,1057 2695,1057 2693,1057 2657,1082 2460,1082 2291,1082 2288,1082 2227,1054 2224,1054 2222,1054 2219,1054 2216,1054 2201,1064 2086,1049 1930,1049 1927,1049 1925,1049 1922,1049 1879,1080 1807,1059 1804,1059 1802,1059 1799,1059 1740,1077 1676,1059 1674,1059 1671,1059 1669,1059 1666,1059 1633,1080 1600,1062 1597,1062 1594,1062 1525,1072 1495,1052 1492,1052 1489,1052 1487,1052 1484,1052 1482,1052 1451,1075 1323,1077 1323,1139"/>
        <Baseline points="1326,1140 1437,1142 1548,1142 1659,1143 1770,1142 1881,1142 1992,1140 2103,1139 2214,1137 2325,1136 2436,1134 2547,1134 2658,1133 2769,1133 2880,1133 2991,1133 3102,1134 3213,1137 3324,1140 3435,1143 3546,1149"/>
        <TextEquiv>
          <Unicode>conciliation du douze décembre dernier qui lui interdisait de, sous aucun </Unicode>
        </TextEquiv>
      </TextLine>

    
    
      <TextLine id="r2l14" >
        <Coords points="1361,1241 1364,1282 1418,1267 1448,1282 1461,1290 1464,1290 1466,1290 1469,1290 1484,1282 1497,1277 1507,1282 1518,1290 1520,1290 1523,1290 1525,1292 1702,1292 1702,1290 1704,1290 1707,1290 1717,1282 1758,1254 1866,1282 1904,1292 1907,1292 1909,1295 2063,1295 2063,1292 2065,1292 2088,1282 2119,1267 2304,1256 2703,1256 2754,1282 2787,1295 2790,1295 2792,1295 2882,1282 2885,1282 2964,1295 2967,1295 2969,1295 3000,1282 3041,1262 3151,1282 3179,1285 3182,1285 3184,1285 3200,1280 3266,1262 3361,1280 3363,1280 3466,1262 3532,1280 3540,1251 3540,1192 3471,1159 3468,1159 3302,1159 3299,1159 3297,1159 3230,1190 3074,1164 3072,1164 3069,1164 3066,1164 3028,1190 2990,1177 2987,1177 2984,1177 2882,1187 2864,1175 2862,1175 2859,1175 2856,1175 2854,1175 2826,1190 2600,1190 2442,1190 2439,1187 2375,1154 2373,1154 2370,1154 2368,1154 2316,1177 2129,1185 1991,1154 1989,1154 1986,1154 1935,1175 1886,1152 1884,1152 1881,1152 1748,1167 1725,1152 1722,1152 1720,1152 1479,1152 1477,1152 1474,1152 1361,1182 1361,1241"/>
        <Baseline points="1362,1242 1471,1245 1580,1247 1689,1247 1798,1248 1907,1247 2016,1247 2125,1245 2234,1245 2343,1244 2452,1242 2561,1241 2670,1241 2779,1239 2888,1239 2997,1239 3106,1241 3215,1242 3324,1245 3433,1249 3543,1253"/>
        <TextEquiv>
          <Unicode>prétexte, employer l’apprenti à faire des courses, porter ou traîner des </Unicode>
        </TextEquiv>
      </TextLine>

    
    
      <TextLine id="r2l15" >
        <Coords points="1338,1349 1341,1377 1397,1361 1438,1377 1448,1382 1451,1382 1454,1382 1456,1382 1474,1377 1525,1364 1576,1377 1594,1382 1597,1382 1600,1382 1623,1377 1664,1369 1704,1377 1730,1382 1733,1384 2081,1384 2081,1382 2106,1377 2181,1359 2493,1374 2496,1374 2498,1374 2536,1356 2557,1369 2560,1369 2562,1369 2565,1369 2703,1356 2769,1377 2790,1382 2792,1382 2795,1382 2798,1382 2800,1382 2808,1377 2836,1356 2961,1356 3548,1374 3553,1354 3553,1297 3363,1297 3363,1295 3297,1264 3294,1264 3292,1264 3289,1264 3210,1285 3182,1264 3179,1264 3176,1264 3069,1264 3066,1264 3064,1264 3008,1292 3002,1297 2933,1297 2926,1292 2872,1272 2869,1272 2867,1272 2864,1272 2800,1287 2754,1269 2752,1269 2749,1269 2746,1269 2695,1287 2636,1264 2634,1264 2631,1264 2629,1264 2544,1290 2542,1290 2483,1277 2480,1277 2478,1277 2475,1277 2455,1290 2449,1292 2447,1290 2419,1274 2416,1274 2414,1274 2411,1274 2380,1290 2375,1295 2265,1295 2255,1290 2211,1269 2209,1269 2206,1269 2204,1269 2201,1269 2181,1282 2068,1267 2065,1267 2063,1267 2060,1267 2032,1287 2022,1295 1940,1295 1917,1287 1832,1262 1830,1262 1722,1262 1720,1262 1717,1262 1715,1262 1681,1285 1671,1292 1656,1285 1617,1269 1615,1269 1612,1269 1610,1269 1576,1285 1564,1290 1543,1285 1515,1277 1512,1277 1510,1277 1507,1277 1505,1277 1495,1285 1489,1287 1487,1285 1451,1262 1448,1262 1446,1262 1443,1262 1338,1282 1338,1349"/>
        <Baseline points="1341,1350 1451,1352 1562,1352 1673,1352 1783,1352 1894,1350 2005,1350 2115,1349 2226,1347 2337,1346 2448,1344 2558,1343 2669,1343 2780,1341 2890,1341 3001,1343 3112,1344 3222,1346 3333,1349 3444,1352 3555,1356"/>
        <TextEquiv>
          <Unicode>fardeaux, non à por à continué comme par le passé à l’employer à ce genre </Unicode>
        </TextEquiv>
      </TextLine>

    
    
      <TextLine id="r2l16" >
        <Coords points="1349,1459 1349,1482 1843,1479 1845,1479 1896,1466 1948,1479 1950,1479 1953,1479 2362,1477 2472,1464 2580,1477 2583,1477 2675,1464 3545,1474 3550,1454 3548,1387 3473,1361 3471,1361 3468,1361 3466,1361 3402,1379 3379,1361 3376,1361 3374,1361 3215,1361 3212,1361 3210,1361 3146,1390 3138,1395 2956,1395 2949,1390 2887,1367 2885,1367 2685,1361 2682,1361 2680,1361 2577,1392 2570,1395 2252,1395 2237,1392 2147,1369 2145,1369 2142,1369 2140,1369 2104,1387 1930,1372 1927,1372 1925,1372 1861,1392 1853,1397 1633,1397 1628,1395 1574,1364 1571,1364 1484,1364 1482,1364 1479,1364 1438,1384 1392,1377 1390,1377 1387,1377 1346,1392 1349,1459"/>
        <Baseline points="1350,1461 1460,1461 1570,1460 1680,1460 1790,1458 1900,1457 2010,1455 2120,1454 2230,1452 2340,1451 2450,1449 2560,1448 2670,1448 2780,1446 2890,1446 3000,1446 3110,1446 3220,1448 3330,1449 3440,1452 3551,1455"/>
        <TextEquiv>
          <Unicode>de service ; que c’est tellement vrai qu’il et obligé d’enregistrer la responsabilité </Unicode>
        </TextEquiv>
      </TextLine>

    
    
      <TextLine id="r2l17" >
        <Coords points="1333,1561 1333,1587 2078,1571 3548,1579 3553,1553 3550,1482 3527,1472 3525,1472 3522,1472 3520,1472 3517,1472 3496,1484 3489,1489 3453,1487 3450,1484 3420,1464 3417,1464 3415,1464 3412,1464 3409,1464 3407,1464 3374,1487 3368,1489 3361,1487 3312,1464 3310,1464 3110,1464 3107,1464 2946,1489 2926,1492 2918,1489 2851,1464 2849,1464 2846,1464 2844,1464 2841,1464 2795,1492 2782,1500 2736,1500 2718,1492 2647,1466 2644,1466 2641,1466 2639,1466 2636,1466 2598,1492 2580,1505 2278,1505 2242,1495 2170,1482 2168,1482 2165,1482 2163,1482 2142,1497 2132,1505 1925,1505 1840,1502 1838,1500 1804,1477 1802,1477 1799,1477 1797,1477 1725,1489 1646,1469 1643,1469 1523,1469 1520,1469 1518,1469 1515,1469 1466,1502 1464,1505 1454,1502 1402,1489 1400,1489 1397,1489 1331,1502 1333,1561"/>
        <Baseline points="1334,1562 1445,1562 1556,1562 1667,1560 1778,1560 1889,1559 2000,1559 2111,1557 2222,1556 2333,1556 2444,1554 2555,1554 2666,1553 2777,1553 2888,1553 2999,1553 3110,1553 3221,1553 3332,1553 3443,1554 3554,1554"/>
        <TextEquiv>
          <Unicode>sur le compte de ses ouvriers qui, à son dire auraient ordonné les  travaux </Unicode>
        </TextEquiv>
      </TextLine>

    
    
      <TextLine id="r2l18" >
        <Coords points="1336,1669 1336,1689 3555,1679 3558,1658 3550,1576 3484,1602 3238,1582 3228,1582 3225,1582 3223,1582 3220,1582 3171,1594 3143,1584 3120,1574 3118,1574 3115,1574 3112,1574 3082,1584 3059,1592 3038,1584 3013,1574 3010,1574 3008,1574 2782,1589 2780,1589 2777,1589 2752,1605 2478,1594 2455,1594 2452,1594 2449,1594 2447,1594 2434,1607 2398,1594 2347,1579 2344,1579 2342,1579 2339,1579 2293,1594 2257,1582 2255,1582 2252,1582 2250,1582 2204,1600 2178,1610 2104,1610 2081,1602 2009,1579 2007,1579 2004,1579 1912,1587 1909,1587 1907,1587 1886,1605 1881,1605 1781,1582 1779,1582 1776,1582 1707,1607 1671,1582 1669,1582 1666,1582 1466,1582 1464,1582 1461,1582 1459,1582 1428,1605 1333,1612 1336,1669"/>
        <Baseline points="1337,1671 1448,1670 1559,1670 1670,1670 1781,1668 1892,1668 2003,1667 2115,1667 2226,1665 2337,1665 2448,1664 2559,1664 2670,1662 2781,1662 2893,1661 3004,1661 3115,1661 3226,1661 3337,1659 3448,1659 3560,1661"/>
        <TextEquiv>
          <Unicode>si l’apprenti ne s’y est pas livré de sa propre volonté ; attendu que Bonnefoy </Unicode>
        </TextEquiv>
      </TextLine>

    
    
      <TextLine id="r2l19" >
        <Coords points="1333,1779 1333,1809 1569,1792 1879,1804 1889,1804 1891,1804 1896,1804 2027,1786 2329,1799 2332,1799 2403,1786 2839,1794 2849,1794 2851,1794 2854,1794 2915,1779 3020,1779 3046,1794 3048,1794 3051,1794 3054,1797 3146,1797 3146,1794 3148,1794 3151,1794 3153,1792 3171,1779 3228,1792 3235,1792 3238,1792 3558,1786 3560,1761 3555,1671 3461,1674 3458,1674 3456,1674 3422,1697 3374,1674 3368,1674 3366,1674 3363,1674 3361,1674 3358,1674 3356,1676 3307,1704 3235,1679 3228,1676 3225,1676 3223,1676 3202,1679 3138,1694 3087,1684 3056,1676 3054,1676 3051,1676 3025,1684 2984,1697 2951,1687 2918,1676 2915,1676 2913,1676 2910,1676 2887,1689 2831,1717 2608,1704 2606,1704 2603,1704 2600,1704 2580,1722 2388,1722 2355,1702 2314,1681 2311,1681 2309,1681 2206,1702 2114,1689 2112,1689 2109,1689 2106,1689 2073,1710 1986,1684 1984,1684 1981,1684 1820,1687 1817,1687 1815,1687 1766,1720 1758,1725 1725,1720 1600,1702 1597,1702 1594,1702 1592,1702 1559,1725 1551,1730 1331,1730 1333,1779"/>
        <Baseline points="1334,1781 1445,1779 1556,1779 1668,1779 1779,1778 1891,1776 2002,1775 2114,1775 2225,1773 2337,1772 2448,1770 2559,1769 2671,1767 2782,1767 2894,1766 3005,1764 3117,1764 3228,1763 3340,1763 3451,1763 3563,1763"/>
        <TextEquiv>
          <Unicode>est forcé de reconnaitre qu’il a lui même ordonné à l’apprenti d’aller traîner </Unicode>
        </TextEquiv>
      </TextLine>

    
    
      <TextLine id="r2l20" >
        <Coords points="1338,1886 1338,1902 1712,1899 1722,1899 1889,1917 1891,1917 1894,1917 1940,1896 1943,1896 2030,1896 2032,1896 2150,1914 2152,1914 2291,1894 2293,1894 2452,1922 2455,1922 2626,1920 2629,1920 2664,1902 2693,1920 2695,1920 2698,1920 2700,1920 2821,1917 2823,1917 2895,1894 3118,1914 3120,1914 3123,1914 3189,1894 3289,1902 3292,1902 3294,1902 3368,1884 3550,1899 3553,1899 3555,1899 3558,1899 3576,1881 3576,1866 3568,1786 3438,1809 3345,1789 3299,1779 3297,1779 3243,1789 3176,1804 3112,1792 3079,1786 3077,1786 3074,1786 3054,1792 2984,1817 2703,1817 2667,1799 2664,1799 2662,1799 2659,1799 2624,1820 2562,1820 2511,1799 2467,1786 2465,1786 2462,1786 2460,1786 2457,1786 2439,1799 2337,1789 2334,1789 2265,1804 2178,1825 2119,1825 2088,1807 2083,1804 2081,1804 2078,1804 2076,1804 2068,1807 2050,1815 2037,1807 2014,1792 2012,1792 2009,1792 2007,1792 1935,1809 1927,1809 1909,1809 1820,1802 1817,1802 1815,1802 1812,1802 1799,1809 1779,1825 1735,1812 1728,1809 1725,1809 1722,1809 1623,1812 1617,1812 1615,1812 1592,1797 1589,1797 1587,1797 1374,1797 1372,1797 1369,1797 1336,1812 1338,1886"/>
        <Baseline points="1341,1887 1452,1886 1564,1886 1676,1884 1788,1883 1900,1883 2012,1881 2123,1880 2235,1880 2347,1878 2459,1877 2571,1875 2683,1875 2795,1874 2906,1872 3018,1872 3130,1871 3242,1871 3354,1869 3466,1869 3578,1868"/>
        <TextEquiv>
          <Unicode>la voiture chez le loueur et de la reconduire après l’opération ; attendu que le </Unicode>
        </TextEquiv>
      </TextLine>

    
    
      <TextLine id="r2l21" >
        <Coords points="1320,1994 1320,2012 3553,1989 3555,1971 3548,1917 3461,1917 3458,1917 3389,1891 3386,1891 3384,1891 3381,1891 3289,1920 3281,1920 3271,1920 3125,1894 3123,1894 3120,1894 3038,1922 3033,1922 3023,1922 2920,1904 2918,1904 2915,1904 2864,1922 2864,1925 2716,1925 2667,1899 2664,1899 2662,1899 2549,1927 2542,1927 2529,1927 2344,1902 2342,1902 2252,1920 2170,1904 2168,1904 2165,1904 2106,1927 2053,1907 2050,1907 2048,1907 1945,1930 1858,1907 1856,1907 1853,1907 1850,1907 1774,1935 1771,1937 1630,1937 1630,1935 1559,1909 1556,1909 1553,1909 1379,1912 1377,1912 1318,1935 1320,1994"/>
        <Baseline points="1323,1995 1434,1994 1546,1992 1658,1991 1769,1991 1881,1989 1993,1989 2104,1989 2216,1988 2328,1988 2440,1986 2551,1986 2663,1985 2775,1985 2886,1983 2998,1982 3110,1982 3221,1980 3333,1977 3445,1976 3557,1973"/>
        <TextEquiv>
          <Unicode>Conseil juge ces fait de nature à motiver la rupture de l’apprentissage </Unicode>
        </TextEquiv>
      </TextLine>

    
    
      <TextLine id="r2l22" >
        <Coords points="1315,2096 1315,2122 1423,2135 1425,2135 1428,2135 1431,2135 1448,2122 1459,2114 1781,2114 1807,2119 1879,2135 1881,2135 1984,2117 2009,2114 2024,2117 2076,2132 2078,2132 2081,2135 2288,2135 2288,2132 2360,2117 2419,2132 2421,2132 2424,2132 2426,2132 2460,2114 2519,2129 2521,2129 2524,2129 2598,2114 2836,2114 2944,2129 2946,2129 2949,2129 3008,2109 3018,2106 3025,2109 3048,2122 3051,2122 3054,2122 3253,2106 3284,2106 3361,2106 3417,2106 3445,2127 3448,2127 3450,2127 3453,2127 3568,2104 3571,2086 3566,2007 3404,1996 3402,1996 3399,1996 3397,1996 3381,2009 3340,2037 3200,2037 3176,2019 3174,2019 3171,2019 3169,2019 2995,2037 2959,2014 2938,2001 2936,2001 2933,2001 2931,2001 2928,2001 2900,2014 2856,2040 2636,2040 2600,2019 2562,2001 2560,2001 2557,2001 2449,2022 2408,2030 2388,2022 2329,2001 2327,2001 2324,2001 2321,2001 2237,2024 2183,2042 2096,2042 2022,2032 2017,2030 1976,2001 1973,2001 1971,2001 1968,2001 1838,2004 1835,2004 1763,2032 1761,2032 1671,2009 1669,2009 1666,2009 1664,2009 1635,2019 1610,2004 1607,2004 1605,2004 1602,2004 1600,2004 1546,2017 1418,2004 1415,2004 1413,2004 1313,2037 1315,2096"/>
        <Baseline points="1316,2099 1428,2099 1541,2099 1654,2099 1767,2099 1880,2099 1992,2099 2105,2099 2218,2099 2331,2100 2444,2100 2556,2099 2669,2099 2782,2099 2895,2097 3008,2097 3120,2096 3233,2094 3346,2092 3459,2090 3572,2087"/>
        <TextEquiv>
          <Unicode>sans indemnité ; Par ces motifs - Le Bureau Général jugeant en premier </Unicode>
        </TextEquiv>
      </TextLine>

    
    
      <TextLine id="r2l23" >
        <Coords points="3584,2140 3512,2140 3473,2119 3471,2119 3468,2119 3466,2119 3435,2135 3397,2117 3394,2117 3392,2117 3322,2122 3264,2099 3261,2099 3258,2099 3161,2117 3105,2101 3102,2101 3100,2101 3097,2101 3095,2101 3041,2140 3038,2140 3028,2140 2936,2132 2880,2104 2877,2104 2874,2104 2872,2104 2759,2135 2713,2104 2711,2104 2708,2104 2621,2104 2618,2104 2616,2104 2613,2104 2560,2140 2549,2145 2426,2142 2360,2117 2357,2117 2355,2117 2352,2117 2288,2142 2270,2150 2083,2150 2073,2142 2040,2119 2037,2119 2035,2119 2032,2119 2030,2119 1973,2142 1963,2145 1953,2142 1848,2112 1845,2112 1843,2112 1582,2117 1579,2117 1530,2142 1512,2152 1489,2142 1474,2137 1472,2137 1469,2137 1466,2137 1448,2142 1423,2152 1315,2145 1315,2211 1318,2247 1392,2229 1479,2245 1482,2245 1484,2245 1487,2245 1600,2229 1781,2240 1825,2242 1827,2242 1848,2240 1912,2227 2081,2234 2173,2240 2176,2240 2250,2232 2357,2222 2457,2229 2567,2237 2570,2237 2639,2227 2682,2219 2718,2224 2772,2234 2775,2234 2777,2234 2813,2224 2828,2219 2869,2222 2977,2232 2979,2232 3054,2219 3074,2216 3089,2219 3174,2232 3176,2232 3586,2209 3589,2193 3584,2140"/>
        <Baseline points="1316,2214 1429,2213 1543,2213 1657,2211 1770,2211 1884,2211 1998,2210 2111,2210 2225,2210 2339,2209 2453,2208 2566,2208 2680,2207 2794,2207 2907,2205 3021,2204 3135,2202 3248,2201 3362,2199 3476,2198 3590,2195"/>
        <TextEquiv>
          <Unicode>ressort ; Résilie la convention verbale d’apprentissage intervenue </Unicode>
        </TextEquiv>
      </TextLine>

    
    
      <TextLine id="r2l24" >
        <Coords points="1323,2347 1456,2357 1459,2357 1500,2347 1536,2339 1548,2347 1561,2357 1564,2357 1566,2357 1569,2360 1643,2360 1643,2357 1646,2357 1671,2347 1694,2339 1743,2347 1761,2350 1763,2350 1766,2350 1771,2347 1794,2337 1994,2337 2160,2337 2181,2347 2201,2355 2204,2355 2206,2355 2209,2355 2237,2347 2278,2334 2498,2344 2636,2352 2639,2352 2641,2352 2654,2344 2675,2334 2757,2344 2762,2344 2764,2344 2767,2344 2823,2332 2897,2344 2931,2350 2933,2350 2936,2350 2938,2350 2944,2344 2964,2332 2982,2344 2990,2350 2992,2350 2995,2350 2997,2352 3092,2352 3092,2350 3166,2347 3169,2347 3171,2347 3174,2344 3200,2329 3532,2342 3537,2309 3535,2216 3466,2216 3463,2216 3461,2216 3458,2216 3399,2245 3320,2219 3310,2216 3307,2216 3304,2216 3281,2222 3189,2240 3161,2224 3153,2216 3151,2216 3148,2216 3097,2216 3095,2216 3092,2216 3066,2224 2997,2247 2928,2229 2926,2229 2923,2229 2920,2229 2874,2255 2767,2255 2723,2232 2695,2219 2693,2219 2690,2219 2688,2219 2657,2232 2606,2222 2603,2222 2600,2222 2572,2234 2544,2250 2475,2237 2426,2229 2424,2229 2421,2229 2419,2229 2408,2240 2383,2255 2291,2242 2288,2242 2286,2242 2283,2242 2204,2260 2104,2260 2083,2245 2060,2229 2058,2229 2055,2229 2053,2229 2050,2229 2032,2240 2012,2224 2009,2224 2007,2224 1876,2224 1873,2224 1871,2224 1868,2224 1825,2250 1809,2260 1761,2263 1671,2263 1658,2255 1605,2227 1602,2227 1600,2227 1597,2227 1543,2257 1541,2257 1512,2245 1510,2245 1507,2245 1505,2245 1502,2245 1484,2257 1479,2263 1323,2263 1323,2321 1323,2347"/>
        <Baseline points="1325,2324 1435,2324 1546,2324 1657,2322 1767,2322 1878,2322 1989,2321 2099,2321 2210,2321 2321,2319 2432,2319 2542,2318 2653,2318 2764,2316 2874,2316 2985,2315 3096,2313 3206,2313 3317,2312 3428,2311 3539,2310"/>
        <TextEquiv>
          <Unicode>entre la veuve Reymont pour son fils ; d’une part ; et Bonnefoy ; </Unicode>
        </TextEquiv>
      </TextLine>

    
    
      <TextLine id="r2l25" >
        <Coords points="1308,2432 1308,2460 1610,2449 1640,2457 1684,2470 1687,2470 1689,2472 1871,2472 1871,2470 1968,2455 2032,2444 2060,2455 2099,2467 2101,2467 2104,2467 2106,2467 2109,2467 2132,2452 2137,2449 2165,2452 2265,2465 2268,2465 2270,2465 2296,2452 2304,2447 2316,2452 2360,2465 2362,2465 2365,2465 2368,2465 2370,2465 2391,2449 2403,2460 2406,2460 2408,2460 2411,2460 2414,2460 2434,2449 2447,2444 2562,2444 2572,2447 2603,2462 2606,2462 2608,2462 2611,2462 2644,2449 2703,2462 2705,2462 2708,2462 2711,2462 2731,2447 2741,2442 2795,2447 2954,2460 2956,2460 2959,2460 3018,2444 3038,2439 3102,2439 3112,2442 3138,2457 3141,2457 3143,2457 3243,2442 3294,2434 3584,2437 3589,2411 3586,2357 3468,2327 3466,2327 3304,2327 3302,2327 3299,2327 3258,2342 3215,2334 3212,2334 3210,2334 3207,2334 3182,2355 3174,2360 2992,2365 2913,2365 2895,2352 2877,2339 2874,2339 2872,2339 2803,2332 2800,2332 2798,2332 2746,2352 2708,2368 2613,2368 2588,2350 2580,2344 2577,2344 2575,2344 2572,2344 2570,2344 2547,2350 2529,2355 2511,2350 2462,2334 2460,2334 2457,2334 2455,2334 2403,2350 2350,2365 2278,2350 2222,2337 2219,2337 2216,2337 2191,2347 2140,2373 2012,2373 1891,2347 1863,2342 1861,2342 1858,2342 1843,2347 1763,2370 1656,2344 1635,2342 1633,2342 1630,2342 1628,2342 1625,2344 1589,2370 1510,2375 1428,2344 1425,2344 1305,2344 1308,2432"/>
        <Baseline points="1310,2432 1424,2432 1538,2432 1652,2430 1766,2430 1880,2430 1994,2430 2108,2430 2222,2429 2336,2429 2450,2428 2564,2427 2678,2426 2792,2426 2906,2424 3020,2423 3134,2421 3248,2420 3362,2418 3476,2415 3591,2414"/>
        <TextEquiv>
          <Unicode>D’autre part le premier juillet mil huit cent cinquante sept comme apprenti </Unicode>
        </TextEquiv>
      </TextLine>

    
    
      <TextLine id="r2l26" >
        <Coords points="1297,2539 1303,2580 1331,2562 1600,2575 1669,2577 1671,2577 1832,2575 1835,2575 1845,2572 1873,2560 2132,2567 2329,2572 2332,2572 3402,2552 3438,2565 3440,2565 3443,2565 3568,2544 3571,2524 3568,2460 3543,2449 3540,2449 3537,2449 3535,2449 3532,2449 3517,2460 3481,2485 2956,2485 2918,2470 2859,2444 2856,2444 2854,2444 2769,2447 2767,2447 2718,2472 2705,2480 2695,2472 2657,2447 2654,2447 2652,2447 2649,2447 2647,2447 2560,2475 2539,2480 2513,2475 2419,2457 2416,2457 2414,2457 2411,2457 2380,2478 2373,2483 2311,2483 2306,2478 2252,2452 2250,2452 1876,2452 1873,2452 1871,2452 1804,2488 1802,2488 1781,2488 1751,2485 1710,2457 1707,2457 1704,2457 1702,2457 1699,2457 1620,2490 1605,2496 1592,2490 1505,2455 1502,2455 1433,2455 1431,2455 1428,2455 1295,2493 1297,2539"/>
        <Baseline points="1299,2541 1412,2543 1526,2543 1640,2543 1753,2544 1867,2544 1981,2546 2094,2547 2208,2547 2322,2547 2436,2549 2549,2549 2663,2547 2777,2547 2890,2546 3004,2544 3118,2541 3231,2538 3345,2535 3459,2530 3573,2525"/>
        <TextEquiv>
          <Unicode>du fait de Bonnefoy ; Déboute Bonnefoy de sa demande en indemnité </Unicode>
        </TextEquiv>
      </TextLine>

    
    
      <TextLine id="r2l27" >
        <Coords points="1308,2649 1308,2680 3217,2680 3217,2677 3220,2677 3251,2664 3358,2675 3361,2675 3363,2675 3399,2657 3576,2654 3578,2631 3566,2570 3548,2585 3468,2575 3466,2575 3463,2575 3420,2588 3384,2572 3351,2557 3348,2557 3297,2557 3294,2557 3292,2557 3289,2557 3269,2572 3233,2600 3125,2600 3051,2572 3038,2570 3036,2570 3033,2570 3031,2570 3028,2570 3023,2572 2982,2600 2764,2600 2708,2575 2680,2562 2677,2562 2600,2562 2598,2562 2595,2562 2547,2575 2521,2583 2506,2575 2498,2572 2496,2572 2493,2572 2490,2572 2483,2575 2429,2603 2314,2577 2311,2577 2309,2577 2306,2577 2304,2577 2270,2598 2222,2583 2219,2583 2216,2583 2214,2583 2119,2606 1966,2577 1955,2577 1953,2577 1950,2577 1948,2577 1881,2611 1751,2611 1579,2580 1528,2572 1525,2572 1305,2580 1308,2649"/>
        <Baseline points="1310,2651 1423,2652 1536,2654 1650,2655 1763,2657 1877,2657 1990,2658 2104,2658 2217,2658 2331,2658 2444,2657 2557,2657 2671,2655 2784,2654 2898,2652 3011,2651 3125,2648 3238,2645 3352,2642 3465,2638 3579,2634"/>
        <TextEquiv>
          <Unicode>le condamne aux dépens taxés et liquidés envers la demanderesse à la </Unicode>
        </TextEquiv>
      </TextLine>

    
    
      <TextLine id="r2l28" >
        <Coords points="1297,2764 1297,2803 1610,2805 1612,2805 1615,2805 1625,2803 1653,2792 1692,2800 1766,2818 1768,2818 1771,2818 1825,2800 1853,2792 1884,2800 1950,2816 1953,2816 1955,2816 1958,2816 1976,2800 1976,2798 2091,2790 2124,2798 2188,2816 2191,2816 2193,2816 2196,2816 2250,2798 2268,2790 2442,2790 2457,2795 2516,2821 2519,2821 2521,2823 2590,2823 2590,2821 2593,2821 2649,2795 2685,2818 2688,2818 2690,2818 2693,2821 2910,2821 2910,2818 3130,2800 3174,2813 3176,2813 3179,2813 3182,2813 3223,2790 3238,2782 3299,2782 3317,2790 3343,2803 3345,2803 3348,2803 3351,2803 3402,2790 3443,2780 3484,2790 3548,2803 3550,2803 3553,2803 3591,2787 3591,2746 3586,2695 3471,2667 3468,2667 3353,2695 3307,2705 3281,2695 3240,2677 3238,2677 3235,2677 3148,2695 3089,2708 3061,2695 3008,2670 3005,2670 3002,2670 3000,2670 2918,2695 2869,2711 2721,2695 2598,2685 2595,2685 2593,2685 2549,2698 2488,2716 2209,2716 2176,2698 2173,2695 2170,2695 2168,2695 2165,2695 2163,2695 2152,2698 2119,2708 2091,2698 2035,2677 2032,2677 2030,2677 1902,2680 1899,2680 1850,2698 1797,2721 1710,2721 1671,2700 1658,2693 1656,2693 1653,2693 1651,2693 1638,2700 1610,2716 1525,2716 1497,2700 1474,2682 1472,2682 1469,2682 1336,2682 1333,2682 1331,2682 1295,2698 1297,2764"/>
        <Baseline points="1299,2765 1413,2765 1528,2766 1643,2768 1758,2769 1872,2771 1987,2772 2102,2772 2217,2774 2331,2774 2446,2775 2561,2774 2676,2774 2790,2772 2905,2771 3020,2769 3135,2766 3249,2762 3364,2757 3479,2753 3594,2747"/>
        <TextEquiv>
          <Unicode>somme de soixante centimes, et à celle de deux francs envers le Trésor  </Unicode>
        </TextEquiv>
      </TextLine>

    
    </TextRegion>
    
  </Page>
</PcGts>
