3072 4608
959 234 2864 437 Eugène Siégard a été fixé à quatre anneés par les conventions intervenues
940 341 2880 526 entre les parties en Décembre mil huit cent cinquante cinq ; que Siégart devait
956 426 2853 610 employer l'apprenti à faire la place comme à la fabrication de la passementerie ;
967 518 2872 691 que d ultérieure convint, et afin d'encourager l'apprenti, Siégard lui a promis une
936 602 2822 775 rémunération de dix francs par mois tant qu'il continuerait à le contenter ;
940 691 2864 867 attendu qu'il résulte, tant des dires des parties à l'audience que des renseignements
913 783 2880 959 pris par le Conseil que conformément aux dites conventions, l'apprenti était
933 871 2876 1048 employé une partie de la journée à faire la place et l'autre partie en charge
933 963 2895 1140 de la fabrique, qu'il avait à sa disposition un métier sur lequel il pouvait
925 1052 2891 1224 monter sous la surveillance d'un premier ouvrier chargé de l'instruire en
929 1144 2883 1309 l'absence de Siégard ; Attendu qu'il resulte également des explications de la cause
910 1232 2891 1401 que Siégard a toujours donné au mineur Legouge les dix francs promis
921 1324 2872 1486 quoiqu'il n'eut pas toujours lieu de se louer de sa conduite dans le travail
917 1409 2880 1585 que si, dans ces derniers temps, cette somme ne lui a pas été donnée en espèces,
929 1509 2880 1678 elle lui à été donnée en fourniture de vêtements ; attendu qu'il est
925 1601 2899 1770 constant et acquis au Conseil que plus de six mois avant le jour de sa sortie
929 1689 2891 1866 de chez Siégard l'apprenti Legouge, malgré la défense qui lui en a été plusieur
917 1781 2891 1950 faite pour son patron, entretint des intelligences avec Bois, qu'à partir du jour
917 1881 2891 2035 ou des rapports furent établis entre Bois et l'apprenti la conduite de ce
921 1973 2895 2131 dernier chez son patron, à été toute différente de ce qu'elle était précédemment
902 2062 2906 2204 Que son admission chez Bois le jour même qu'il quitta le domicile
921 2165 2914 2311 de Siégard envers lequel il est lié n'est pas un fait né de circonstances
917 2261 2895 2388 naturelles ; mais le résultat de manœuvres illicites qui constituent, de
913 2353 2910 2488 la part de Bois, un cas de détournement d'apprenti, délit prévu
890 2438 2906 2588 par l'article Treize de la loi du quatre Mai mil huit cent cinquante
887 2538 2906 2688 un ; Attendu que de la rupture des conventions verbales d'apprentissage
890 2626 2895 2764 dont s'agit il résulte que Siégard éprouve un préjudice que le Conseil
906 2722 2880 2860 ayant les éléments nécessaires, estime à la somme de Deux Cents
852 2818 2891 2941 francs et que la veuve Legouge et auguste Legouge lui en doivent la
898 2914 2914 3045 réparation ; attendu que Bois s'est rendu passible du paiement de
887 3006 2899 3121 cette indemnité ; Par ces motifs - Le Bureau Général jugeant en
894 3098 2822 3214 premier ressort ; Dit que les conventions verbales d'apprentissage
894 3194 2895 3313 intervenues entre Siégard et la veuve Legouge et auguste Legouge
883 3290 2895 3417 en décembre mil huit Cent Cinquante Cinq, sont et demeureront
890 3383 2895 3498 résolues ; Condamne la veuve Legouge et auguste Legouge
894 3471 2914 3605 solidairement à payer avec intérêts suivant la loi à Siégard la
887 3567 2864 3701 somme de deux cents francs à titre d'indemnité ; Dit Bois
875 3655 2914 3801 responsable du paiement de cette somme pour laquelle il pourra
894 3747 2918 3893 être poursuivi en vertu du présent jugement ; Condamne la dame
875 3839 2914 3985 Veuve Legouge et Legouge auguste solidairement aux dépens
867 3932 2906 4131 taxés et liquidé envers le demandeur à la somme de quatre
