4608 3072
1341 186 3799 371 de travaux par elle faits pour leur compte et d’après les ordres de
1341 276 3801 473 la dame Michel-Poiret ? Ou bien devait-on conformément aux
1318 396 3804 593 conclusions des défendeurs déclarer la demoiselle Dumont non
1326 514 3816 709 recevable en sa demande ? Que devait-il être statué à ‘égard des dépens ?
1318 622 3737 796 Après avoir entendu les parties en leurs demandes et conclusions
1297 729 3786 906 respectivement et en avoir délibéré conformément à la loi ; attendu
1303 852 3732 1024 qu’il résulte  de l’examen du libre de l’ouvrière lequel a été
1310 965 3816 1139 reconnu par la dame Michel-Poiret pour être celui sur lequel elle
1290 1085 3827 1246 portait chaque article confectionné par le demoiselle Dumont qu’à
1295 1190 3755 1361 partir du trois septembre dernier il s’y trouve porté trois notes
1305 1313 3829 1474 d’articles confectionnés par la demanderesse ; que le prix
1287 1428 3829 1582 des articles y est également  porté que contrairement à la déclaration
1280 1541 3824 1712 de la dame Michel-Poiret, le mot payé ne se trouva pas porté au
1277 1664 3824 1812 bas de ces notes ; attendu que ces trois notes réunies forment bien
1280 1771 3852 1927 le montant de la somme réclamée par la demoiselle Dumont ; attendu
1262 1914 3850 2045 encore que les époux Michel-Poiret ne peuvent justifier en aucune
1246 2024 3770 2160 façon du paiement de ces notes de travail, ayant déclaré ne tenir
1262 2155 3845 2268 aucun livre de compte que celui laissé aux mains de l’ouvrière et auquel
1251 2260 3816 2398 ils ont continué de s’en rapporter ; Par ces motifs - Le Bureau
1259 2396 3781 2519 Général jugeant en dernier ressort - Condamner les époux
1274 2501 3814 2644 Michel-Poiret à payer solidairement et avec intérêts suivant
1213 2613 3801 2772 la loi à la demoiselle Dumont la somme de vingt cinq
1233 2741 3829 2890 francs vingt cinq centimes qu’ils lui doivent pour prix de
1228 2856 3829 3015 travaux faits par la demanderesse pour leur compte et d’après les
