3072 4608
844 145 2937 280 que dans l'espoir de concilier l'affaire il s'est rendu au domicile de
844 241 2991 395 Beuret et promit d'employer toute son autorité pour obtenir toute soumission
860 337 2976 479 raisonnable de la part de sa fille si la dame Beuret, de son coté, voulait
844 441 2999 591 consentir à ne pas persévèrer dans son exigence à l'égard d'une punition
833 533 3002 691 que l'apprentie refusait à supporter à cause de l'humiliation qu'on voulait
833 633 2987 783 lui faire subir ; que les époux Beuret ayant refusé de l'entendre il s'est vu
840 729 3002 875 forcé de porter la reclamation devant les juges compétents déclarant être
844 833 3014 983 prêt à faire rentrer sa fille qu'il n'a jamais eu l'intention de retirer des ateliers
856 933 2991 1075 de Beuret. De son coté Beuret se présenta et exposa au conseil
848 1036 3002 1182 que l'apprentie pouvait d'autant mieux se soumettre que depuis le
879 1144 3002 1278 vingt cinquante six elle n'a été mise que trois fois au pain sec ce qui
860 1240 2991 1386 ne peut être considéré comme un abus. Le Bureau Particulier
875 1344 3002 1486 engagea Beuret à reprendre l'apprentie et pour le cas ou il aurait à
856 1447 3018 1582 s'en plaindre à l'avenir, de s'adresser au père de préfèrence à lui infliger
860 1551 3029 1674 une punition par la mise au pain sec . Beuret ayant refusé d'accepter
860 1639 3025 1781 cette proposition de Conciliation la cause fut renvoyée devant
848 1743 3033 1885 le Bureau Général dudit Conseil séant le vendredi Vingt huit
879 1847 3025 1992 Mai mil huit Cent Cinquante huit . Cité pour le dit jour vingt
837 1950 2991 2092 huit Mai Beuret aîné comparut . A l'appel de la cause Pajot,
852 2058 3029 2196 ès noms et qualités qu'il agit, se présenta et conclut à ce qu'il plut au
840 2154 3022 2284 Bureau Général dudit Conseil dire et ordonner que dans le jour du
856 2254 3014 2403 jugement à intervenir Beuret aîné de sa tenu de recevoir
867 2357 3037 2511 sa fille mineure Valérie Pajot pour y continuer son apprentissage
860 2465 3045 2595 aux termes des conventions verbales consenties établies le vingt cinq
829 2557 3041 2726 Août mil huit cent Cinquante six ; Dire en outre qu'il sera interdit
860 2668 3041 2803 à Beuret de punir l'apprentie en la privation d'une partie de sa
833 2760 3064 2933 nourriture, sinon et faute par lui de recevoir l'apprentie le condamner
863 2864 3025 3010 dés à présent à lui payer avec intérêts suivant la loi telle indemnité
856 2972 3045 3129 qu'il plaira au Conseil fixer à titre de réparation du préjudice
852 3075 3014 3233 qu'il éprouvera de la non éxécution des dites conventions et le
852 3183 3014 3310 condamner aux dépens. De son coté Beuret se présenta et
867 3275 3014 3413 conclut à ce qu'il plut au Bureau Géneral du dit Conseil
860 3367 3068 3532 attendu que la mineure Valérie Pajot n'ayant voulu se soumettre
871 3467 3068 3636 à une légère punition bien méritée et a l'en a coute son renvoi de ses ateliers
867 3575 3006 3736 attendu qu'en encourageant sa fille à la résistance Pajot à rendu
860 3659 3064 3836 l'éxécution de Conventions verbales impossibles ; attendu d'ailleurs
863 3770 3022 3939 que le préjudice résultant de l'inéxécution des conventions verbales
871 3874 3029 4028 sera supporté par lui seul et non par le père de l'apprentie qui ne
852 3962 3068 4135 peut qu'y gagner puisque sa fille est capable de gagner une journée
856 4062 3025 4224 ordinaire dont le produit lui était du jusqu'au mois d'août mil
863 4170 2999 4392 huit cent cinquante neuf pour l'indemniser des avances de
