<?xml version="1.0" encoding="UTF-8"  standalone="yes"?>
<PcGts xmlns="http://schema.primaresearch.org/PAGE/gts/pagecontent/2019-07-15" xmlns:xsi="http://www.w3.org/2001/XMLSchema-instance" xsi:schemaLocation="http://schema.primaresearch.org/PAGE/gts/pagecontent/2019-07-15 http://schema.primaresearch.org/PAGE/gts/pagecontent/2019-07-15/pagecontent.xsd">
  <Metadata>
	<Creator>escriptorium</Creator>
	<Created>2024-01-18T17:35:48.930623+00:00</Created>
        <LastChange>2024-01-18T17:35:48.930640+00:00</LastChange>

  </Metadata>
  <Page imageFilename="PH 1858-85.jpg" imageWidth="4608" imageHeight="3072">

    

    
    <TextRegion id="eSc_dummyblock_">
    
    
      <TextLine id="r1l1" >
        <Coords points="1912,350 1912,373 2086,376 2088,376 2091,376 2114,366 2129,360 2142,366 2165,373 2168,373 2170,373 2229,363 2242,360 2257,360 2352,368 2355,368 2357,368 2360,368 2375,355 2378,353 2391,355 2439,366 2442,366 2516,350 2531,348 2542,350 2588,360 2590,360 2593,360 2682,343 2685,327 2675,199 2470,204 2467,204 2465,204 2465,207 2455,215 2403,261 2378,238 2378,235 2375,235 2373,235 2370,235 2368,235 2247,276 2081,279 2058,261 2055,261 2053,261 2050,261 2048,261 1986,281 1950,253 1940,245 1937,245 1935,245 1932,245 1930,245 1907,253 1912,350"/>
        <Baseline points="1913,353 2228,349 2510,333 2687,328"/>
        <TextEquiv>
          <Unicode>Du dit jour cinq Février</Unicode>
        </TextEquiv>
      </TextLine>

    
    
      <TextLine id="r1l3" >
        <Coords points="2137,350 2112,350 2101,350 2019,381 1953,350 1950,350 1948,350 1871,353 1868,353 1745,394 1740,396 1694,396 1692,396 1646,371 1643,371 1454,363 1451,363 1448,363 1446,363 1423,381 1277,373 1274,373 1272,373 1269,373 1231,401 1116,412 1118,488 1118,506 1326,488 1413,501 1420,501 1423,501 1441,501 1620,483 1679,494 1687,494 1689,494 1692,494 1694,494 1738,476 1891,486 1894,486 2040,468 2419,471 2426,471 2429,471 2432,471 2470,450 2549,448 2728,445 2754,460 2757,460 2759,460 2762,460 2872,440 2995,453 2997,453 3223,432 3366,442 3371,419 3366,345 3220,348 3141,309 3138,309 3136,309 2941,314 2831,320 2828,320 2752,358 2698,337 2695,337 2693,337 2690,337 2593,368 2588,368 2577,368 2475,355 2472,355 2393,368 2344,348 2342,348 2339,348 2337,348 2273,373 2193,373 2155,350 2137,350"/>
        <Baseline points="1121,489 1233,485 1346,481 1458,477 1571,473 1684,468 1796,464 1909,459 2022,455 2134,450 2247,446 2360,442 2472,438 2585,435 2698,432 2810,429 2923,426 3036,425 3148,423 3261,422 3374,422"/>
        <TextEquiv>
          <Unicode>Entre Monsieur Blaise Aurer, ouvrier tailleur, demeurant </Unicode>
        </TextEquiv>
      </TextLine>

    
    
      <TextLine id="r1l4" >
        <Coords points="1848,463 1822,463 1797,463 1771,465 1758,465 1704,486 1692,491 1679,486 1635,468 1617,471 1607,471 1582,488 1548,506 1431,504 1408,488 1390,478 1387,478 1361,478 1338,481 1313,481 1287,483 1262,483 1236,483 1210,486 1187,486 1185,486 1180,486 1175,494 1162,501 1136,494 1136,578 1136,611 1282,593 1313,609 1315,609 1318,609 1320,609 1323,609 1328,609 1369,593 1446,604 1461,606 1464,606 1466,606 1469,606 1472,604 1497,586 1612,581 1679,596 1681,596 1684,596 1779,581 1804,596 1807,596 1809,596 1812,596 1815,596 1817,596 1848,578 1891,593 1899,596 1902,596 1904,596 1907,596 1909,596 1912,593 1930,578 2086,565 2211,586 2219,586 2222,586 2224,586 2227,586 2255,565 2288,581 2291,581 2293,581 2403,558 2460,581 2465,581 2467,581 2470,581 2688,578 2690,578 2700,573 2752,547 2828,547 3033,555 3036,555 3217,540 3392,555 3394,527 3392,468 3322,468 3261,427 3258,427 3256,427 3176,427 3174,427 3171,427 3169,427 3100,471 3097,471 2951,432 2949,432 2946,432 2808,437 2805,437 2716,468 2659,450 2657,450 2654,450 2557,453 2554,453 2506,478 2488,486 2460,478 2375,453 2373,453 2370,453 2368,453 2365,453 2329,478 2321,486 2263,494 2009,496 1981,483 1955,471 1953,471 1950,471 1948,471 1945,471 1925,483 1920,486 1914,483 1861,460 1848,463"/>
        <Baseline points="1137,579 1249,579 1362,578 1475,575 1588,573 1701,570 1814,567 1927,563 2040,558 2153,555 2266,551 2378,546 2491,543 2604,539 2717,536 2830,533 2943,531 3056,528 3169,528 3282,528 3395,528"/>
        <TextEquiv>
          <Unicode>à Paris, rue Volta, numéro trente sept ; Demandeur ; </Unicode>
        </TextEquiv>
      </TextLine>

    
    
      <TextLine id="r1l5" >
        <Coords points="2109,555 2050,558 2048,558 1986,586 1984,586 1899,578 1896,578 1894,578 1873,591 1861,596 1802,591 1640,578 1638,578 1635,578 1589,599 1579,604 1495,604 1492,601 1472,586 1469,586 1466,586 1464,586 1331,604 1305,586 1303,586 1300,586 1297,586 1295,586 1292,586 1280,596 1198,581 1195,581 1192,581 1118,609 1121,683 1121,706 1502,701 1505,701 1559,686 1605,698 1607,698 1610,698 1633,698 2086,693 2088,693 2094,693 2155,673 2334,688 2342,688 2344,688 2350,688 2472,668 2580,686 2593,686 2595,686 2598,686 2600,686 2641,663 2769,663 2926,678 2928,678 2931,678 2933,678 2961,657 3102,657 3435,670 3438,647 3435,547 3240,540 3238,540 3235,540 3194,552 3125,576 3079,555 3046,542 3043,542 2951,542 2949,542 2946,542 2944,542 2926,558 2910,545 2908,545 2905,545 2772,545 2769,545 2767,545 2764,545 2734,565 2703,586 2600,588 2488,588 2460,573 2416,552 2414,552 2411,552 2408,552 2357,576 2329,588 2265,578 2112,555 2109,555"/>
        <Baseline points="1122,684 1237,684 1353,684 1469,683 1585,681 1701,678 1817,675 1933,672 2049,668 2165,665 2281,660 2396,656 2512,653 2628,650 2744,647 2860,645 2976,644 3092,644 3208,644 3324,647 3440,650"/>
        <TextEquiv>
          <Unicode>Comparant ; D’une part ; Et monsieur Wéber, tailleur </Unicode>
        </TextEquiv>
      </TextLine>

    
    
      <TextLine id="r1l6" >
        <Coords points="1093,793 1093,806 1728,791 1807,798 1848,801 1850,801 1899,796 1999,785 2150,793 2199,793 2201,793 2232,791 2362,775 2437,788 2449,788 2452,788 2455,788 2460,785 2511,770 3005,762 3028,775 3031,775 3033,775 3036,775 3374,770 3376,747 3374,673 3325,650 3322,650 3320,650 3189,675 3143,686 3118,678 3054,655 3051,655 3048,655 2926,678 2887,686 2874,678 2846,660 2844,660 2841,660 2839,660 2777,673 2659,663 2657,663 2572,680 2544,668 2542,668 2539,668 2536,668 2534,668 2513,680 2483,701 2391,683 2388,683 2385,683 2383,683 2380,683 2344,709 2304,709 2234,683 2201,673 2199,673 2114,673 2112,673 2109,673 2106,673 2091,686 2053,711 1725,706 1722,706 1461,724 1367,691 1364,691 1297,691 1295,691 1292,691 1290,691 1246,721 1177,693 1175,693 1090,693 1093,793"/>
        <Baseline points="1095,795 1209,794 1323,791 1437,788 1551,785 1665,782 1779,779 1893,776 2007,772 2121,769 2236,765 2350,762 2464,759 2578,756 2692,755 2806,753 2920,751 3034,750 3148,750 3262,750 3377,750"/>
        <TextEquiv>
          <Unicode>confectionnant, demeurant et domicilié à la Villette près </Unicode>
        </TextEquiv>
      </TextLine>

    
    
      <TextLine id="r1l7" >
        <Coords points="1121,901 1121,919 1687,898 1776,911 1789,911 1792,911 1807,911 1935,893 1999,906 2001,906 2004,906 2007,906 2055,888 2396,885 2444,898 2455,901 2457,901 2460,901 2462,901 2465,901 2467,898 2496,880 2631,880 2657,896 2659,896 2662,896 2664,896 2680,893 2767,878 2882,878 2903,890 2905,893 2908,893 2910,893 2913,893 2949,888 3066,872 3112,885 3120,888 3123,888 3125,888 3358,880 3358,862 3353,801 3176,801 3171,801 3107,760 3105,760 3102,760 3064,760 3061,760 2762,765 2759,765 2690,801 2688,801 2618,808 2557,808 2542,801 2478,770 2475,770 2472,770 2470,770 2368,801 2309,816 2191,803 2188,803 2091,819 2004,801 1981,796 1978,796 1976,796 1960,801 1886,821 1858,808 1856,808 1853,808 1776,824 1702,801 1658,785 1656,785 1653,785 1651,785 1612,801 1561,821 1374,832 1318,801 1305,793 1303,793 1300,793 1118,798 1121,901"/>
        <Baseline points="1122,902 1233,900 1345,897 1457,894 1569,891 1681,888 1793,885 1904,882 2016,879 2128,876 2240,873 2352,871 2464,869 2576,866 2687,864 2799,863 2911,863 3023,861 3135,863 3247,863 3359,864"/>
        <TextEquiv>
          <Unicode>Paris, rue Mogador, numéro deux neuf ; Défendeur ; </Unicode>
        </TextEquiv>
      </TextLine>

    
    
      <TextLine id="r1l8" >
        <Coords points="1738,885 1712,885 1687,885 1661,888 1635,888 1610,890 1584,890 1559,893 1533,893 1507,893 1502,893 1415,921 1413,921 1356,901 1354,901 1351,901 1349,901 1308,919 1226,898 1226,901 1200,901 1175,901 1154,901 1123,919 1126,995 1126,1021 1410,1021 1410,1018 1413,1018 1418,1016 1461,1003 1664,1016 1694,1016 1697,1016 1710,1016 1797,1000 1958,1013 1984,1013 1986,1013 2007,1011 2163,993 2204,1006 2206,1006 2209,1006 2301,993 2493,1006 2496,1006 2498,1006 2501,1006 2526,990 2636,990 2713,1006 2718,1006 2721,1006 2726,1006 2821,985 3046,985 3087,998 3089,998 3092,998 3179,983 3471,998 3473,975 3471,903 3361,867 3358,867 3356,867 3353,867 3266,903 3176,908 2956,908 2890,872 2887,872 2885,872 2772,878 2769,878 2726,901 2664,878 2662,878 2659,878 2657,878 2634,890 2608,875 2606,875 2603,875 2600,875 2598,875 2595,875 2557,898 2475,875 2472,875 2301,875 2298,875 2234,878 2232,878 2145,916 1912,916 1740,885 1738,885"/>
        <Baseline points="1127,998 1244,998 1361,996 1479,996 1596,993 1714,991 1831,989 1949,986 2066,983 2184,980 2301,977 2418,974 2536,972 2653,971 2771,969 2888,968 3006,968 3123,969 3241,971 3358,973 3476,977"/>
        <TextEquiv>
          <Unicode>Défaillent ; D’autre part ; Point de fait - Par lettres </Unicode>
        </TextEquiv>
      </TextLine>

    
    
      <TextLine id="r1l9" >
        <Coords points="1290,998 1287,998 1249,1018 1226,1006 1223,1006 1221,1006 1218,1006 1167,1034 1164,1036 1095,1036 1098,1105 1098,1128 1198,1111 1336,1128 1351,1128 1354,1128 1400,1128 1689,1113 1935,1123 1966,1123 1968,1123 1978,1123 2065,1108 2137,1118 2140,1118 3197,1093 3448,1111 3450,1085 3448,1016 3233,1003 3194,985 3192,985 3013,983 3010,983 3008,983 2964,1000 2938,983 2936,983 2933,983 2862,983 2859,983 2792,985 2790,985 2787,985 2731,1021 2723,1021 2616,1008 2613,1008 2536,1024 2529,1024 2526,1024 2478,1000 2475,1000 2472,1000 2365,1006 2273,988 2270,988 2071,990 2068,990 1937,1029 1930,1031 1786,1031 1784,1029 1699,1000 1697,1000 1694,1000 1692,1000 1620,1031 1615,1034 1436,1034 1433,1031 1292,998 1290,998"/>
        <Baseline points="1100,1106 1217,1106 1335,1107 1452,1106 1570,1104 1688,1103 1805,1101 1923,1098 2040,1095 2158,1092 2276,1089 2393,1086 2511,1083 2628,1082 2746,1080 2864,1079 2981,1079 3099,1079 3216,1080 3334,1082 3452,1086"/>
        <TextEquiv>
          <Unicode>du secrétaire du Conseil de Prud’hommes du Département de </Unicode>
        </TextEquiv>
      </TextLine>

    
    
      <TextLine id="r1l10" >
        <Coords points="1735,1103 1710,1103 1684,1103 1658,1103 1635,1103 1561,1103 1556,1105 1533,1105 1530,1105 1520,1111 1479,1131 1448,1111 1443,1105 1428,1108 1402,1108 1377,1108 1351,1108 1326,1108 1300,1108 1274,1108 1249,1108 1223,1108 1198,1108 1172,1108 1146,1108 1121,1108 1118,1105 1095,1105 1098,1213 1098,1239 1254,1223 3415,1208 3417,1190 3415,1123 3361,1108 3358,1108 3356,1108 3353,1108 3310,1123 3310,1126 3179,1126 3176,1123 3118,1088 3115,1088 3112,1088 2920,1088 2918,1088 2915,1088 2885,1103 2872,1093 2869,1093 2867,1093 2864,1093 2862,1093 2859,1093 2818,1121 2805,1128 2787,1121 2757,1108 2754,1108 2752,1108 2749,1108 2746,1108 2728,1121 2713,1131 2644,1134 2396,1134 2370,1116 2347,1103 2344,1103 2342,1103 2339,1103 2273,1116 2270,1116 2237,1098 2234,1098 2232,1098 2229,1098 2193,1116 2155,1134 2106,1116 2104,1116 2101,1116 2099,1116 2037,1134 2004,1113 1984,1100 1981,1100 1978,1100 1976,1100 1973,1100 1937,1113 1866,1139 1784,1113 1753,1103 1735,1103"/>
        <Baseline points="1100,1214 1222,1214 1344,1214 1466,1213 1588,1212 1710,1209 1832,1208 1954,1206 2076,1203 2198,1200 2320,1198 2442,1196 2564,1193 2686,1191 2808,1190 2930,1189 3052,1188 3174,1188 3296,1190 3419,1191"/>
        <TextEquiv>
          <Unicode>la Seine pour l’industrie des tissus en date à Paris des </Unicode>
        </TextEquiv>
      </TextLine>

    
    
      <TextLine id="r1l11" >
        <Coords points="1082,1346 1169,1331 1474,1344 1477,1344 1479,1344 1482,1344 1541,1328 1830,1341 1832,1341 2672,1320 3443,1331 3448,1305 3445,1241 3343,1241 3264,1210 3261,1210 3258,1210 3179,1226 3130,1218 3128,1218 3125,1218 3123,1218 3100,1233 2987,1208 2757,1208 2754,1208 2752,1208 2749,1208 2723,1226 2641,1216 2639,1216 2636,1216 2575,1241 2534,1221 2531,1221 2529,1221 2388,1241 2283,1221 2280,1221 2278,1221 2275,1221 2260,1233 2232,1213 2229,1213 2227,1213 2224,1213 2124,1228 2045,1213 2042,1213 2040,1213 1981,1244 1884,1249 1858,1249 1856,1249 1804,1216 1802,1216 1799,1216 1646,1216 1643,1216 1640,1216 1594,1233 1561,1221 1559,1221 1556,1221 1553,1221 1551,1221 1515,1244 1477,1226 1474,1226 1472,1226 1367,1251 1361,1254 1082,1254 1082,1320 1082,1346"/>
        <Baseline points="1085,1323 1203,1323 1321,1322 1439,1320 1557,1320 1676,1318 1794,1316 1912,1314 2030,1313 2148,1311 2267,1310 2385,1308 2503,1307 2621,1305 2739,1304 2858,1304 2976,1304 3094,1304 3212,1304 3330,1305 3449,1307"/>
        <TextEquiv>
          <Unicode>Lundi vingt cinq et Mardi vingt six Janvier mil huit </Unicode>
        </TextEquiv>
      </TextLine>

    
    
      <TextLine id="r1l12" >
        <Coords points="1108,1431 1108,1451 3440,1433 3443,1410 3440,1338 3366,1318 3363,1318 3361,1318 3358,1318 3304,1338 3299,1344 3118,1344 3097,1338 3023,1315 3020,1315 3018,1315 3015,1315 2972,1338 2956,1346 2833,1346 2803,1338 2749,1320 2746,1320 2744,1320 2741,1320 2703,1336 2682,1346 2664,1336 2639,1320 2636,1320 2634,1320 2631,1320 2588,1328 2562,1315 2560,1315 2557,1315 2554,1315 2498,1333 2449,1318 2447,1318 2444,1318 2383,1331 2298,1318 2296,1318 2293,1318 2257,1336 2240,1344 2176,1333 2160,1333 2158,1333 2155,1333 2152,1333 2124,1351 1971,1349 1945,1333 1925,1323 1922,1323 1920,1323 1917,1323 1886,1333 1856,1344 1838,1333 1825,1323 1822,1323 1820,1323 1712,1323 1710,1323 1664,1331 1571,1351 1523,1331 1515,1328 1512,1328 1510,1328 1492,1331 1408,1351 1341,1331 1333,1328 1331,1328 1328,1328 1326,1328 1323,1328 1320,1331 1282,1354 1249,1331 1246,1328 1244,1328 1241,1328 1239,1328 1105,1328 1108,1431"/>
        <Baseline points="1109,1433 1225,1431 1342,1430 1459,1430 1576,1428 1692,1427 1809,1425 1926,1424 2043,1421 2159,1419 2276,1418 2393,1416 2510,1415 2626,1415 2743,1413 2860,1412 2977,1412 3093,1412 3210,1412 3327,1412 3444,1413"/>
        <TextEquiv>
          <Unicode>cent cinquante huit Aurer fit citer Wéber à comparaître </Unicode>
        </TextEquiv>
      </TextLine>

    
    
      <TextLine id="r1l13" >
        <Coords points="1085,1533 1085,1551 3445,1556 3450,1530 3445,1472 3235,1472 3230,1472 3182,1438 3179,1438 3176,1438 3174,1438 3171,1438 3169,1438 3143,1454 2987,1438 2984,1438 2982,1438 2979,1438 2946,1461 2859,1472 2839,1472 2833,1472 2777,1448 2775,1448 2772,1448 2769,1448 2726,1472 2721,1472 2711,1472 2624,1454 2621,1454 2462,1472 2442,1472 2437,1472 2375,1446 2373,1446 2370,1446 2368,1446 2319,1472 2314,1474 2263,1474 2257,1472 2211,1438 2209,1438 2206,1438 2076,1438 2073,1438 2071,1438 1999,1464 1945,1451 1943,1451 1940,1451 1827,1472 1815,1472 1812,1472 1745,1438 1743,1438 1597,1438 1594,1438 1592,1438 1525,1472 1520,1474 1479,1474 1474,1472 1438,1446 1436,1446 1433,1446 1310,1438 1308,1438 1305,1438 1303,1438 1254,1472 1251,1472 1221,1451 1218,1451 1216,1451 1213,1451 1082,1469 1085,1533"/>
        <Baseline points="1086,1535 1204,1536 1322,1538 1441,1538 1559,1538 1677,1536 1796,1536 1914,1535 2032,1535 2151,1533 2269,1532 2387,1530 2506,1530 2624,1529 2742,1529 2861,1529 2979,1529 3097,1529 3216,1529 3334,1530 3453,1533"/>
        <TextEquiv>
          <Unicode>pardevant le conseil de Prud’hommes séant en Bureaux </Unicode>
        </TextEquiv>
      </TextLine>

    
    
      <TextLine id="r1l14" >
        <Coords points="1093,1638 1090,1664 1960,1669 1963,1669 1973,1669 2091,1656 2124,1669 2127,1669 2129,1669 2135,1669 2280,1656 2524,1671 2544,1671 2547,1671 2549,1671 2552,1671 2580,1658 2869,1658 2982,1674 2995,1674 2997,1674 3008,1674 3072,1661 3450,1674 3456,1648 3456,1559 3125,1548 3123,1548 3120,1548 3100,1561 3056,1584 2959,1566 2956,1566 2954,1566 2885,1584 2682,1584 2634,1564 2585,1546 2583,1546 2580,1546 2577,1546 2544,1564 2526,1574 2480,1566 2467,1564 2465,1564 2462,1564 2460,1566 2429,1582 2383,1566 2337,1551 2334,1551 2332,1551 2329,1551 2291,1566 2260,1582 2119,1582 2078,1569 2045,1559 2042,1559 2040,1559 2037,1559 2035,1559 2019,1569 2001,1582 1927,1582 1856,1569 1843,1569 1807,1543 1804,1543 1802,1543 1799,1543 1797,1543 1740,1571 1728,1576 1715,1571 1635,1541 1633,1541 1553,1541 1551,1541 1548,1541 1546,1541 1497,1574 1492,1576 1484,1574 1408,1541 1405,1541 1172,1541 1169,1541 1167,1541 1093,1574 1093,1638"/>
        <Baseline points="1095,1640 1213,1643 1331,1644 1449,1646 1567,1646 1685,1646 1803,1646 1921,1646 2039,1644 2157,1644 2275,1643 2393,1643 2511,1641 2629,1641 2747,1641 2865,1641 2983,1641 3101,1643 3219,1644 3337,1646 3456,1649"/>
        <TextEquiv>
          <Unicode>Particuliers les Mardi vingt six et Mercredi vingt sept Janvier </Unicode>
        </TextEquiv>
      </TextLine>

    
    
      <TextLine id="r1l15" >
        <Coords points="1064,1753 1064,1781 3443,1776 3445,1758 3443,1676 3340,1699 3307,1676 3292,1666 3289,1666 3287,1666 3059,1666 3056,1666 3054,1666 3031,1679 2992,1702 2954,1679 2928,1666 2926,1666 2923,1666 2862,1671 2859,1671 2856,1671 2844,1681 2808,1704 2626,1704 2562,1702 2534,1684 2508,1666 2506,1666 2503,1666 2501,1666 2437,1679 2309,1666 2306,1666 2304,1666 2260,1687 2232,1702 1748,1702 1733,1692 1687,1664 1684,1664 1681,1664 1679,1664 1676,1664 1576,1689 1448,1666 1446,1666 1443,1666 1441,1666 1402,1692 1323,1664 1320,1664 1226,1664 1223,1664 1221,1664 1218,1664 1177,1689 1064,1697 1064,1753"/>
        <Baseline points="1067,1755 1186,1755 1305,1755 1424,1754 1543,1755 1662,1755 1781,1755 1900,1755 2019,1755 2138,1757 2257,1757 2376,1757 2495,1758 2614,1758 2733,1758 2852,1760 2971,1760 3090,1760 3209,1760 3328,1761 3447,1761"/>
        <TextEquiv>
          <Unicode>mil huit cent cinquante huit pour se concilier si faire se </Unicode>
        </TextEquiv>
      </TextLine>

    
    
      <TextLine id="r1l16" >
        <Coords points="3458,1771 3402,1771 3399,1771 3397,1771 3333,1807 3246,1789 3243,1789 3240,1789 3202,1804 3148,1781 3146,1781 3143,1781 3141,1781 3072,1809 2990,1786 2987,1786 2984,1786 2982,1786 2895,1809 2846,1776 2836,1768 2833,1768 2831,1768 2828,1768 2772,1776 2708,1786 2690,1776 2675,1768 2672,1768 2670,1768 2626,1779 2598,1784 2577,1779 2542,1768 2539,1768 2306,1768 2304,1768 2232,1779 2229,1779 2227,1779 2224,1781 2186,1807 1763,1807 1722,1786 1666,1763 1664,1763 1605,1763 1602,1763 1600,1763 1553,1789 1548,1792 1541,1789 1502,1774 1500,1774 1497,1774 1495,1774 1492,1774 1469,1789 1448,1802 1395,1789 1351,1781 1349,1781 1290,1792 1256,1797 1236,1792 1190,1779 1187,1779 1185,1779 1182,1779 1128,1792 1095,1802 1067,1794 1064,1861 1064,1896 1149,1881 1433,1881 1484,1896 1487,1896 1489,1896 1502,1896 1689,1884 1715,1896 1720,1899 1722,1899 1725,1899 1745,1896 1812,1884 2050,1884 2073,1896 2076,1896 2078,1896 2081,1896 2101,1896 2188,1886 2252,1894 2301,1902 2304,1904 2475,1904 2475,1902 2478,1902 2496,1894 2513,1886 2526,1894 2536,1902 2539,1902 2542,1902 2544,1902 3458,1891 3461,1871 3458,1771"/>
        <Baseline points="1067,1862 1186,1862 1306,1863 1426,1863 1546,1865 1665,1866 1785,1866 1905,1868 2025,1869 2144,1869 2264,1871 2384,1872 2504,1872 2623,1872 2743,1874 2863,1874 2983,1874 3102,1874 3222,1874 3342,1874 3462,1872"/>
        <TextEquiv>
          <Unicode>pouvait sur la demande qu’il entendait former contre lui </Unicode>
        </TextEquiv>
      </TextLine>

    
    
      <TextLine id="r1l17" >
        <Coords points="1072,1999 2478,2012 2480,2012 2544,2001 2567,1999 2585,2001 2647,2014 2649,2014 3425,2001 3427,1986 3425,1927 3320,1925 3294,1907 3292,1907 3289,1907 3287,1907 3215,1914 3192,1899 3189,1899 3187,1899 3056,1899 3054,1899 3051,1899 3005,1922 3000,1925 2982,1922 2905,1909 2903,1909 2900,1909 2869,1922 2859,1927 2746,1927 2736,1920 2705,1899 2703,1899 2700,1899 2641,1896 2639,1896 2636,1896 2562,1917 2508,1896 2506,1896 2503,1896 2398,1917 2368,1922 2127,1922 2114,1914 2071,1896 2068,1896 2065,1896 1891,1909 1866,1894 1863,1894 1861,1894 1858,1894 1784,1907 1753,1894 1751,1894 1748,1894 1745,1894 1707,1912 1697,1914 1681,1912 1617,1894 1615,1894 1612,1894 1610,1894 1559,1909 1523,1920 1446,1909 1392,1902 1390,1902 1349,1907 1274,1920 1095,1920 1080,1904 1075,1978 1072,1999"/>
        <Baseline points="1076,1979 1193,1979 1311,1980 1428,1980 1546,1982 1664,1982 1781,1983 1899,1985 2016,1985 2134,1986 2252,1986 2369,1988 2487,1988 2604,1988 2722,1989 2840,1989 2957,1989 3075,1989 3192,1989 3310,1988 3428,1988"/>
        <TextEquiv>
          <Unicode>devant le dit Conseil en paiement de la somme de trente six </Unicode>
        </TextEquiv>
      </TextLine>

    
    
      <TextLine id="r1l18" >
        <Coords points="3456,2048 3330,2035 3302,2014 3299,2014 3297,2014 3294,2014 3205,2022 3202,2022 3200,2022 3171,2040 3169,2042 3166,2040 3102,2012 3100,2012 3097,2012 3095,2012 3092,2012 3054,2037 3043,2045 2938,2045 2926,2035 2887,2012 2885,2012 2882,2012 2805,2009 2675,2009 2672,2009 2670,2009 2626,2030 2608,2037 2590,2030 2536,2007 2534,2007 2432,2007 2429,2007 2426,2007 2388,2024 2362,2040 2263,2040 1994,2030 1971,2017 1958,2009 1955,2009 1953,2009 1950,2009 1930,2014 1886,2030 1850,2014 1845,2012 1843,2012 1840,2012 1838,2012 1835,2012 1832,2014 1799,2032 1648,2032 1602,2009 1587,2001 1584,2001 1582,2001 1579,2001 1576,2001 1566,2009 1530,2030 1484,2014 1482,2014 1479,2014 1364,2027 1262,2001 1233,1996 1162,1996 1159,1996 1157,1996 1154,1996 1149,1999 1126,2014 1067,1999 1064,2086 1064,2114 2554,2114 2677,2119 2974,2129 2977,2129 3115,2119 3130,2119 3141,2119 3238,2132 3240,2132 3456,2119 3458,2106 3456,2048"/>
        <Baseline points="1067,2088 1186,2090 1306,2090 1426,2091 1545,2093 1665,2093 1785,2094 1904,2096 2024,2097 2144,2099 2264,2100 2383,2101 2503,2102 2623,2103 2742,2105 2862,2106 2982,2106 3101,2108 3221,2108 3341,2109 3461,2109"/>
        <TextEquiv>
          <Unicode>francs pour prix de travaux par lui faits pour son compte </Unicode>
        </TextEquiv>
      </TextLine>

    
    
      <TextLine id="r1l19" >
        <Coords points="1072,2196 1070,2227 1280,2237 1282,2237 1285,2237 1310,2229 1331,2219 1561,2216 1589,2229 1602,2234 1605,2234 1607,2234 1610,2234 1612,2234 1620,2229 1635,2219 1707,2229 1756,2234 1758,2234 1845,2229 1920,2224 1930,2229 1960,2245 1963,2245 1966,2245 1968,2245 2009,2229 2024,2224 2053,2229 2096,2237 2099,2237 2158,2229 2181,2227 2183,2229 2199,2240 2201,2240 2204,2240 2206,2240 2442,2229 2467,2229 2470,2229 2496,2247 2498,2247 2501,2247 2503,2247 2695,2232 2728,2247 2731,2247 2734,2247 2736,2247 2792,2229 2803,2227 2816,2229 2885,2252 2887,2252 2890,2252 2892,2252 2936,2237 2987,2252 2990,2252 2992,2252 2995,2252 3069,2232 3307,2255 3310,2255 3448,2229 3450,2216 3443,2124 3358,2158 3205,2163 3148,2127 3146,2127 3143,2127 3141,2127 3138,2127 3136,2127 3110,2142 3018,2137 3015,2137 3013,2137 2959,2160 2895,2147 2892,2147 2890,2147 2851,2160 2741,2122 2739,2122 2736,2122 2734,2122 2662,2160 2577,2160 2391,2119 2368,2117 2365,2117 2362,2117 2350,2119 2268,2142 2229,2119 2222,2114 2219,2114 2216,2114 1914,2112 1912,2112 1909,2112 1886,2119 1776,2152 1661,2152 1395,2150 1328,2117 1308,2106 1305,2106 1303,2106 1300,2106 1272,2117 1254,2122 1233,2117 1203,2106 1200,2106 1198,2106 1072,2114 1072,2196"/>
        <Baseline points="1073,2199 1198,2200 1323,2202 1448,2202 1573,2204 1699,2206 1824,2207 1949,2210 2074,2211 2199,2212 2325,2213 2450,2214 2575,2216 2700,2217 2825,2217 2951,2219 3076,2219 3201,2219 3326,2219 3452,2219"/>
        <TextEquiv>
          <Unicode>et d’après ses ordres. Wéber n’ayant pas comparut la cause fut </Unicode>
        </TextEquiv>
      </TextLine>

    
    
      <TextLine id="r1l20" >
        <Coords points="1059,2306 1057,2334 1111,2347 1113,2347 1116,2347 1136,2337 1154,2327 1182,2337 1195,2339 1198,2339 1200,2339 1223,2337 1282,2324 1344,2337 1402,2347 1405,2347 1408,2347 1451,2337 1472,2332 1489,2337 1533,2352 1536,2352 1538,2352 1541,2352 1543,2352 1566,2337 1576,2332 1704,2337 1958,2350 1960,2350 2088,2339 2091,2339 2094,2339 2214,2360 2216,2360 2511,2342 2557,2357 2560,2357 2562,2357 2672,2347 2700,2365 2703,2365 2705,2365 2708,2365 2759,2355 2862,2373 2864,2375 3033,2375 3033,2373 3036,2373 3089,2352 3294,2365 3297,2365 3299,2365 3351,2342 3353,2342 3356,2342 3397,2355 3399,2355 3402,2355 3461,2342 3463,2327 3461,2252 3417,2242 3415,2242 3374,2250 3335,2260 3320,2250 3304,2240 3302,2240 3299,2240 3143,2237 3141,2237 3138,2237 3136,2237 3115,2250 3084,2270 3008,2252 3005,2252 2877,2270 2800,2250 2757,2237 2754,2237 2752,2237 2698,2247 2565,2232 2206,2229 2204,2229 2201,2229 2160,2247 2122,2263 1891,2263 1804,2245 1748,2237 1745,2237 1676,2245 1579,2260 1502,2260 1472,2245 1448,2234 1446,2234 1443,2234 1441,2234 1418,2245 1387,2257 1059,2245 1059,2306"/>
        <Baseline points="1061,2309 1181,2310 1301,2310 1421,2312 1541,2313 1661,2316 1781,2318 1902,2320 2022,2322 2142,2324 2262,2327 2382,2328 2502,2330 2622,2331 2743,2333 2863,2333 2983,2334 3103,2333 3223,2333 3343,2331 3464,2328"/>
        <TextEquiv>
          <Unicode>renvoyé devant le Bureau Général dudit Conseil séant le </Unicode>
        </TextEquiv>
      </TextLine>

    
    
      <TextLine id="r1l21" >
        <Coords points="1062,2416 1059,2437 1423,2455 1425,2455 1646,2444 1664,2444 1669,2444 1717,2460 1720,2460 1722,2460 1856,2447 1861,2447 1863,2447 1932,2462 1935,2465 3233,2465 3248,2478 3251,2478 3253,2478 3256,2478 3461,2462 3463,2444 3463,2385 3417,2360 3415,2360 3261,2360 3258,2360 3256,2360 3217,2380 3207,2385 3161,2378 3084,2368 3082,2368 3079,2368 3056,2378 3018,2391 2816,2378 2813,2378 2749,2388 2721,2370 2711,2362 2708,2362 2705,2362 2634,2357 2631,2357 2629,2357 2611,2368 2577,2385 2534,2373 2531,2373 2529,2373 2526,2373 2490,2385 2421,2362 2373,2347 2370,2347 2329,2347 2327,2347 2324,2347 2298,2360 2255,2383 1986,2383 1932,2352 1914,2342 1912,2342 1832,2342 1830,2342 1827,2342 1809,2350 1774,2365 1625,2347 1623,2347 1620,2347 1561,2375 1464,2350 1461,2350 1459,2350 1456,2350 1372,2373 1282,2337 1272,2334 1269,2334 1062,2334 1062,2416"/>
        <Baseline points="1064,2418 1184,2421 1304,2423 1424,2426 1544,2429 1664,2430 1784,2433 1904,2436 2024,2438 2144,2440 2264,2442 2384,2444 2504,2445 2624,2447 2744,2448 2864,2448 2984,2448 3104,2449 3224,2448 3344,2448 3464,2447"/>
        <TextEquiv>
          <Unicode>vendredi vingt neuf janvier mil huit cent cinquante huit et </Unicode>
        </TextEquiv>
      </TextLine>

    
    
      <TextLine id="r1l22" >
        <Coords points="1075,2531 1075,2575 1602,2560 1858,2575 1894,2577 1896,2577 1937,2575 2096,2567 2117,2575 2137,2585 2140,2585 2142,2585 2193,2575 2216,2572 2229,2575 2260,2588 2263,2588 2265,2588 2268,2588 2304,2575 2319,2572 2350,2575 2449,2590 2452,2590 2593,2575 2616,2575 2657,2575 2992,2595 2995,2595 3136,2583 3233,2598 3235,2598 3461,2575 3463,2554 3458,2465 3046,2480 3043,2480 2990,2503 2885,2485 2882,2485 2880,2485 2828,2501 2764,2488 2762,2488 2759,2488 2721,2498 2631,2470 2595,2460 2593,2460 2590,2460 2531,2472 2406,2498 2352,2472 2314,2455 2311,2455 2309,2455 2045,2467 2004,2455 2001,2455 1999,2455 1996,2455 1920,2478 1871,2493 1653,2493 1628,2480 1553,2447 1551,2447 1474,2447 1472,2447 1469,2447 1387,2480 1369,2488 1326,2483 1241,2470 1239,2470 1075,2483 1075,2531"/>
        <Baseline points="1076,2532 1195,2535 1314,2537 1434,2540 1553,2543 1673,2546 1792,2549 1911,2552 2031,2555 2150,2556 2270,2559 2389,2561 2508,2562 2628,2564 2747,2565 2867,2565 2986,2565 3105,2564 3225,2562 3344,2559 3464,2556"/>
        <TextEquiv>
          <Unicode>ajourné au Vendredi cinq Fevrier suivant mois. Cité à c</Unicode>
        </TextEquiv>
      </TextLine>

    
    
      <TextLine id="r1l23" >
        <Coords points="2426,2562 2424,2562 2421,2562 2368,2580 2324,2595 2278,2577 2219,2557 2216,2557 2201,2557 2176,2557 2150,2557 2124,2557 2099,2557 2073,2557 2048,2557 2022,2554 1999,2572 1976,2588 1912,2590 1730,2588 1697,2565 1694,2562 1692,2562 1689,2562 1620,2557 1617,2557 1584,2562 1464,2583 1415,2557 1400,2549 1397,2549 1395,2549 1392,2549 1372,2557 1341,2567 1292,2554 1241,2542 1239,2542 1236,2542 1024,2547 1024,2631 1021,2659 1226,2675 1228,2675 1290,2664 1297,2664 1300,2664 1341,2685 1344,2685 1346,2685 1423,2667 1428,2667 1441,2667 1681,2690 1684,2690 1899,2682 1971,2695 1973,2695 1976,2695 2009,2682 2247,2700 2250,2700 2516,2685 2524,2685 2531,2685 2736,2708 2739,2708 3105,2695 3200,2716 3202,2716 3292,2698 3450,2698 3456,2672 3456,2606 3384,2585 3381,2585 3379,2585 3376,2585 3333,2598 3284,2575 3281,2575 3279,2575 3276,2575 3205,2593 3176,2575 3174,2575 3171,2575 3043,2572 3041,2572 3038,2572 3036,2572 3000,2595 2984,2606 2826,2606 2782,2590 2780,2590 2777,2590 2775,2590 2772,2590 2769,2590 2731,2603 2552,2603 2498,2585 2429,2562 2426,2562"/>
        <Baseline points="1025,2633 1146,2639 1268,2644 1389,2649 1511,2654 1633,2658 1754,2661 1876,2664 1998,2667 2119,2670 2241,2672 2363,2673 2484,2675 2606,2676 2728,2676 2849,2676 2971,2676 3093,2676 3214,2676 3336,2675 3458,2673"/>
        <TextEquiv>
          <Unicode>omparaître le dit jour cinq février par exploit de Potin, huissier </Unicode>
        </TextEquiv>
      </TextLine>

    
    
      <TextLine id="r1l24" >
        <Coords points="1044,2746 1041,2782 1131,2808 1134,2808 1136,2808 1139,2808 1190,2787 1203,2782 1213,2787 1259,2805 1262,2805 1264,2805 1410,2792 1472,2833 1474,2833 1477,2833 1530,2836 1771,2841 1774,2841 1776,2841 1779,2841 1835,2808 1896,2831 1899,2831 1902,2831 2001,2810 2078,2826 2081,2826 2140,2818 2214,2854 2216,2854 2219,2854 2222,2854 2224,2854 2275,2823 2414,2836 2416,2836 2531,2826 2590,2844 2593,2844 2595,2844 2598,2844 2629,2831 2711,2867 2713,2867 2716,2867 2718,2867 2782,2833 2972,2851 2974,2851 3176,2833 3215,2854 3217,2854 3220,2854 3223,2854 3253,2839 3284,2854 3287,2854 3289,2854 3481,2836 3484,2810 3481,2734 3325,2767 3261,2749 3258,2749 3256,2749 3253,2749 3205,2767 3164,2741 3161,2741 3159,2741 3156,2741 3061,2757 2984,2734 2982,2734 2979,2734 2798,2739 2762,2718 2759,2718 2757,2718 2754,2718 2562,2752 2250,2746 1909,2736 1856,2698 1853,2698 1850,2698 1848,2698 1845,2698 1781,2723 1692,2685 1666,2675 1664,2675 1661,2675 1615,2682 1569,2693 1548,2682 1530,2672 1528,2672 1044,2670 1044,2746"/>
        <Baseline points="1046,2748 1174,2754 1302,2761 1431,2767 1559,2774 1687,2780 1816,2786 1944,2791 2072,2796 2201,2801 2329,2805 2458,2808 2586,2811 2714,2814 2843,2816 2971,2816 3099,2816 3228,2816 3356,2813 3485,2811"/>
        <TextEquiv>
          <Unicode>à Paris, en date du premier février mil huit cent cinquante </Unicode>
        </TextEquiv>
      </TextLine>

    
    </TextRegion>
    
  </Page>
</PcGts>
