4608 3072
1256 158 3568 337 fille Emélie Doré en qualité d'apprentie pour quatre ans et demi
1241 279 3573 453 à partir du dit jour à charge par lui de lui apprendre l'état d'ouvrier
1233 386 3586 565 brodeuse, de la nourrir, loger et blanchir pendant toute la durée de
1221 483 3596 675 l'apprentissage ; que depuis quelques jours la dame veuve Doré a
1210 591 3568 770 retiré sa fille sans aucun motif et refuse de l'y faire rentrer .
1208 709 3568 890 De son coté la veuve Doré se présenta et exposa au Conseil qu'en effet
1228 814 3566 993 elle a placé sa fille en apprentissage chez Simon pour quatre
1208 924 3581 1118 ans et demi à partir du dix huit Novembre mil huit cent cinquante
1203 1047 3573 1226 six ; mais que Simon l'ayant renvoyée de chez lui après l'avoir
1213 1149 3586 1328 battue elle s'est refusée à la lui renvoyer. Le Bureau Particulier
1205 1262 3586 1438 après avoir entendu les parties fut d'avis que l'apprentie devait rentrer
1203 1379 3581 1543 chez Simon pour y continuer son apprentissage . La veuve Doré
1210 1495 3578 1653 n'ayant pas accepté cette proposition de conciliation la cause fut
1187 1605 3584 1776 renvoyée devant le Bureau Général dudit Conseil séant le vendredi
1177 1715 3578 1889 quatre juin mil huit Cent Cinquante huit. Citée pour le dit jour
1177 1827 3563 2004 quatre Juin la veuve Doré comparut. A l'appel de la cause
1175 1955 3578 2117 Simon se présenta et conclut à ce qu'il plut au Bureau Général
1180 2071 3560 2222 du dit Conseil Dire et ordonner que dans le jour du jugement a
1169 2170 3571 2339 intervenir la mineure Emélie Doré sera tenue de rentrer dans
1192 2291 3537 2444 ses ateliers pour y continuer son apprentissage aux termes des
1162 2388 3553 2562 conventions verbales d'apprentissage établis le dix huit novembre
1164 2503 3560 2672 mil huit Cent Cinquante six sinon et faute par elle de ce faire
1192 2618 3543 2782 par sa mère de l'y contraindre Condamner dès à présent la
1177 2721 3532 2897 veuve Doré à lui payer avec intérêts suivant la loi la somme de
1175 2836 3553 3000 deux Cents francs à titre d'indemnité et la condamner aux dépens
