4608 3072
1533 358 3589 496 ne comparaissant pas devant les Bureaux du Conseil Decroës a causé
1536 458 3581 614 aux époux Margeran un préjudice de perte de temps, ce qu'il doit Repare
1507 558 3566 696 Par ces motifs — Le Bureau Général jugeant en dernier recours
1556 650 3563 791 Donne défaut Contre Decroës non comparant ni personne pour lui
1548 750 3568 888 quoique dument appelés ; Et adjugeant le profit dudit défaut Condamne
1543 837 3581 983 Decroës à payer avec intérêts suivant la loi aux époux Margeran
1538 939 3566 1090 la somme de vingt sept francs quinze centimes qu'il leur doit pour
1479 1031 3568 1187 prix de travaux faits par la mineure Léontine Boiron pour
1528 1144 3586 1292 Son Compte et d'après ses ordres, Plus une indemnité de six francs
1510 1241 3578 1377 pour temps perdu , Le Condamne en outre aux dépens taxés et
1528 1344 3578 1469 liquidés envers les demandeurs à la somme de un franc vingt
1515 1428 3578 1571 centime, et à celle de soixante quinze centimes envers le Trésor
1538 1538 3581 1684 Public pour le papier timbré de la présente minute, conformément
1530 1640 3581 1766 à la loi du sept août mil huit cent cinquante, ence, non compris
1515 1730 3571 1861 le cout du présent jugement, la signification d'icelui et ses suites
1497 1825 3571 1996 Et vu les articles 435 du code de procédure civile, 27 et 42 du décret
1530 1932 3589 2078 du onze juin 1809 pour signifier au défendeur le présent jugement
1546 2017 3581 2204 comemt Potin, l'un de ses huissiers audienciers. Ainsi jugé les
1525 2117 2416 2257 jour mois et an que dessus.
