4608 3072
1356 1077 3504 1200 les Bureaux du Conseil et les dépens. Point de droit - Devait-on
1364 1175 3491 1313 donner défaut contre Brision non comparant ni personne pour
1359 1267 3517 1405 lui quoique dument appelé et pour le profit le condamner à lui payer
1356 1372 3545 1487 avec intérêts suivant la loi la somme, adjuger au demandeur les conclusions
1361 1479 3535 1589 par lui précédemment prises ? Que devait-on statuer à l’égard
1354 1564 3535 1684 des dépens ? Après avoir entendu Bénard en ses demandes et conclusions
1351 1661 3540 1792 et en avoir délibéré conformément à la loi ; attendu que la demande
1359 1768 3568 1902 de Bénard parait juste et fondée ; que d’ailleurs elle n’est pas contestée
1338 1881 3573 2001 par Brision non comparant ni personne pour lui quoique dument
1349 1981 3553 2104 appelé ; attendu qu’en ne comparaissant pas devant les Bureaux
1361 2088 3532 2191 du Conseil Brision a causé à Bénard un préjudice de perte de temps,
1341 2181 3566 2288 ce qu’il doit réparer ; Par ces motifs - Le Bureau Général jugeant
1341 2286 3560 2411 en dernier ressort - Donne défaut contre Brision non comparant
1346 2378 3517 2513 ni personne pour lui quoique dument appelé ; Et adjugeant le
1336 2465 3571 2613 profit du dit défaut ; condamne Brision à payer
1354 2572 3537 2705 avec intérêts suivant la loi à Bénard la somme de cent trente francs
1333 2698 3558 2877 qu’il lui doit pour prix d’un mois de travail qu’il a fait dans ses
