3072 4608
610 357 2607 552 D'autre part ; Point de fait — Par lettres du secrétaire du
610 468 2657 648 Conseil de Prud'hommes du Département de la Seine pour l'industrie
622 552 2615 725 des Tissus en dates des Samedi Cinq et Lundi sept Juin mil
610 645 2657 810 huit cent Cinquante huit Weltzer et Quivriez firent citer Ritaud,
618 733 2653 906 Fleury et Compagnie à comparaître par devant le dit Conseil de
614 817 2626 998 Prud'hommes séant en Bureaux Particuliers les Lundi sept et
618 910 2611 1075 Mercredi neuf Juin mil huit cent Cinquante huit pour se
625 1002 2611 1167 concilier si faire se pouvait sur la demande qu'ils entendaient
602 1094 2653 1248 former contre eux devant le dit conseil en paiement de la somme
633 1182 2676 1355 de quatre francs, à chacun, qu'ils leur doivent pour prix de travaux
614 1278 2630 1424 par eux faits pour leur compte et dans leurs ateliers et en restitution
637 1367 2645 1516 de leur livret qu'ils se sont refusés à leur remettre. Les défendeurs
606 1463 2649 1601 n'ayant pas comparu la cause fut renvoyée devant le Bureau
618 1547 2618 1704 Général dudit Conseil séant le vendredi onze Juin mil huit
614 1643 2657 1789 Cent Cinquante huit. Ritaud fleury et compagnie n'ayant
599 1739 2672 1893 pas comparu ledit jour onze Juin sur la lettre du secrétaire du
610 1827 2680 1985 Conseil en date du Mercredi neuf Juin mil huit cent cinquante
583 1916 2645 2065 huit le Président du Conseil ajourna la cause au Vendredi
595 2012 2653 2146 dix huit Juin et autorisa les demandeurs à les faire citer par
595 2108 2645 2238 huissier . Par exploit de Potin, huissier à Paris, en date du
614 2208 2672 2346 quatorze Juin mil huit cent cinquante huit visé pour timbre
602 2300 2661 2438 et enregistré à Paris, le quinze Juin mil huit cent Cinquante
595 2388 2630 2530 huit, en débet de soixante dix centimes, folio quarante cinq, case
583 2480 2661 2626 Cinq, signé : L. Drevon les demandeurs firent citer les défendeurs
587 2580 2645 2714 à comparaître devant le Bureau Général du dit Conseil séant
595 2676 2645 2791 le Vendredi dix huit Juin mil huit cent Cinquante huit
583 2764 2653 2891 pour s'entendre condamner à leur payer à chacun la somme de
579 2864 2611 2991 quatre francs qu'ils leur doivent solidairement pour salaire ;
606 2960 2626 3087 Ouïr dire et ordonner que dans le jour du jugement à intervenir
610 3045 2688 3191 ils seront tenus de signer et rendre leur livret qu'ils retiennent indument
587 3144 2599 3263 sinon qu'ils seront condamnés solidairement à leur payer à
579 3237 2611 3363 Chacun la somme de deux francs par chaque jour de retard
595 3317 2641 3455 qu'ils apporteront à effectuer cette remise ; s'entendre, dans tous
591 3421 2691 3563 les cas, et toujours solidairement, condamner à payer à chacun
595 3517 2672 3647 d'eux la somme de vingt francs pour le préjudice qu'ils leur ont causé
595 3609 2680 3747 à ce jour par la retenue de leur livret s'entendre en outre condamner
606 3701 2695 3843 aux dépens. A l'appel de la cause Weltzer et quivriez se présentèrent
591 3793 2645 3909 et exposèrent au Conseil qu'étant entrés pour travailler dans les
606 3886 2672 4008 ateliers des défendeurs, l'un à qualité d'ouvrier fileur et l'autre
606 3985 2699 4139 de rattacheur, il n'y restèrent que deux jours après lesquels, trouvant
599 4085 2649 4277 le métier trop court pour eux, ils demandèrent ce qui leur était du et
