3072 4608
660 299 2711 449 de la seine pour l'industrie des tissus en dates des Mercredi
652 399 2722 552 neuf et samedi douze Juin mil huit cent Cinquante huit les époux
637 487 2722 637 Mathieu firent citer Barrière à Comparaître par devant le dit
625 579 2745 729 Conseil de Prud'hommes séant en Bureaux Particuliers les Samedi
618 675 2745 814 douze et Lundi quatorze Juin mil huit cent Cinquante huit pour
637 768 2737 929 se concilier si faire se pouvait sur la demande qu'ils entendaient
637 863 2711 1006 former contre lui devant le dit Conseil en paiement de la somme de
625 963 2768 1117 dix francs qu'il leur doit pour prix de travaux faits par la dame
610 1056 2745 1205 Mathieu pour son compte et d'après ses ordres. Barrière
633 1155 2753 1290 n'ayant pas comparu la cause fut renvoyée devant le Bureau
610 1240 2741 1397 Général dudit Conseil séant le vendredi dix huit Juin mil huit
625 1336 2745 1497 Cent Cinquante huit. Cité pour le dit jour dix huit Juin par lettre
625 1432 2734 1589 du secrétaire du Conseil en date du Lundi quatorze Juin mil huit
606 1528 2734 1678 Cent Cinquante huit Barrière ne comparut pas. A l'appel de la
599 1620 2737 1793 cause les époux Mathieu se présentèrent et conclurent à ce qu'il plut
633 1724 2760 1870 au Bureau Général du dit Conseil donner défaut contre Barrière
610 1820 2745 1966 non comparant ni personne pour lui quoique dument appelé
625 1916 2764 2073 et pour le profit le condamner à leur payer avec intérêts suivant
637 2015 2634 2173 la loi la somme de dix francs qu'il leur doit pour prix de
610 2108 2741 2273 travaux faits par la dame Mathieu pour son compte et d'après
625 2219 2734 2350 ses ordres, plus une indemnité pour le préjudice de perte de
610 2311 2764 2461 temps qu'il leur a fait éprouver en ne comparaissant pas devant
614 2396 2757 2538 les Bureaux du Conseil et les dépens. Point de droit — Doit-on
618 2499 2734 2638 donner défaut contre Barrière non comparant ni personne
618 2603 2745 2730 pour lui quoique dument appelé et pour le profit adjuger aux
622 2699 2760 2849 demandeurs les conclusions par eux précèdemment prises ? que
618 2791 2741 2929 doit il être statué à l'égard des dépens ? Après avoir entendu les
614 2891 2772 3033 époux Mathieu en leurs demandes et conclusions et en avoir délibéré
591 2979 2726 3129 Conformément à la loi ; Attendu que la demande des époux Mathieu
591 3075 2737 3244 parait juste et fondée ; Que d'ailleurs elle n'est pas contestée par
614 3175 2753 3321 Barrière non comparant ni personne pour lui quoique dument
606 3275 2772 3413 appelé ; attendu qu'en ne comparaissant pas devant les Bureaux du
599 3367 2772 3521 Conseil Barrière a causé aux époux Mathieu un préjudice de perte
618 3463 2753 3617 de temps, ce qu'il doit réparer ; Par ces motifs — Le Bureau Général
606 3563 2768 3717 jugeant en dernier ressort ; Donne défaut contre Barrière non comparant
614 3667 2741 3793 ni personne pour lui quoique dument appelé ; et adjugeant le profit
614 3759 2753 3909 dudit défaut ; Condamne Barrière à payer avec intérêts suivant la
629 3851 2749 4001 loi aux époux Mathieu la somme de six francs qu'il leur dit pour
606 3943 2714 4101 travaux faits par la dame Mathieu pour son compte d'après
618 4047 2768 4193 ses ordres, plus une indemnité de quatre francs cinquante centimes
610 4143 2776 4335 pour temps perdu ; Le Condamne en outre aux dépens taxés et
