4608 3072
619 1415 1354 1533 Jusqu’à concurrence
627 1482 1361 1630 de deux cents francs
601 1594 1280 1745 renvoi approuvé
1390 248 3819 409 suivant la loi le montant en principal intérêts et frais des condamnations
1384 371 3824 519 portées au dit jugement ; Dire aussi que le jugement à intervenir sera
1390 465 3822 614 exécutaire par provision, nonobstant un appel et sans qu’il soit besoin
1387 588 3832 737 par elle de fournir caution , conformément à l’article quatorze de la
1384 680 3832 844 loi du premier juin mil huit cent cinquante trois et la condamne en outre
1387 803 3832 960 aux dépens. Point de droit - Devait-On donner défaut contre
1402 921 3837 1088 la demoiselle Marie Mérel non comparante ni personne pour
1402 1039 3857 1185 elle quoique dument régulièrement quoique dument appelée et pour
1390 1144 3865 1310 le profit adjuger à la demanderesse les conclusions par elle précédemment
1410 1264 3857 1423 prises ? Que devrait-il être statué à l’égard des dépens. Après  avoir
1395 1377 3875 1541 entendu la demoiselle Ravel en ses demandes et conclusions et en
1384 1500 3873 1643 avoir délibéré conformément à la loi ; attendu que la demande de la
1405 1607 3888 1784 demoiselle Ravel parait juste et fondée ; d’ailleurs elle n’est pas
1390 1735 3898 1899 contestée par la demoiselle Mérel non comparante ni personne pour elle
1384 1843 3896 2014 régulièrement quoique dument appelée ; Par ces motifs = Le Bureaux
1384 1958 3909 2137 Général jugeznt en premier ressortv ; Donne défaut contre la demoiselle
1413 2091 3906 2255 Marie Mérel non comparante ni  personne pour elle
1384 2219 3906 2368 Quoique dument appelée ;Et adjugeant le profit du dit défaut
1400 2350 3924 2503 déclare commun à la demoiselle Marie Mérel le jugement
1384 2472 3929 2624 rendu le vingt sept novembre dernier contre les époux Mérel-
1402 2608 3929 2762 Fontaine au profit de la demoiselle Ravel ; En conséquence
1384 2703 3937 2867 condamner la demoiselle Mérel à payer à la dite demoiselle
1384 2836 3924 3010 Ravel le montant en principal indemnité , intérêts et frais
