<?xml version="1.0" encoding="UTF-8"  standalone="yes"?>
<PcGts xmlns="http://schema.primaresearch.org/PAGE/gts/pagecontent/2019-07-15" xmlns:xsi="http://www.w3.org/2001/XMLSchema-instance" xsi:schemaLocation="http://schema.primaresearch.org/PAGE/gts/pagecontent/2019-07-15 http://schema.primaresearch.org/PAGE/gts/pagecontent/2019-07-15/pagecontent.xsd">
  <Metadata>
	<Creator>escriptorium</Creator>
	<Created>2024-01-18T17:35:48.240082+00:00</Created>
        <LastChange>2024-01-18T17:35:48.240098+00:00</LastChange>

  </Metadata>
  <Page imageFilename="PH 1858-28.jpg" imageWidth="4608" imageHeight="3072">

    

    
    <TextRegion id="eSc_dummyblock_">
    
    
      <TextLine id="r1l1" >
        <Coords points="1433,376 1431,399 2178,422 2181,422 2183,422 2193,419 2234,409 2260,422 2268,424 2270,424 2273,424 2275,424 2288,422 2332,412 2383,424 2396,427 2398,427 2401,427 2403,427 2414,424 2455,414 2483,427 2490,430 2493,430 2496,430 2529,427 2639,419 2705,432 2736,437 2739,437 2741,437 2757,435 2795,424 3568,453 3573,435 3571,350 3530,355 3520,348 3486,322 3484,322 3481,322 3366,322 3363,322 3361,322 3358,322 3333,340 3297,317 3294,317 3292,317 3156,314 3153,314 3151,314 3100,343 3064,360 2867,358 2846,343 2844,343 2841,343 2839,343 2836,343 2805,353 2757,337 2647,299 2644,299 2641,299 2426,322 2350,307 2347,307 2344,307 2291,330 2275,337 2183,337 2168,327 2137,304 2135,304 2132,304 2129,304 2127,304 2086,317 1858,284 1856,284 1804,286 1802,286 1728,320 1717,325 1433,317 1433,376"/>
        <Baseline points="1434,377 1541,381 1648,384 1755,388 1862,390 1969,392 2076,395 2183,396 2290,398 2397,399 2505,401 2612,402 2719,404 2826,406 2933,408 3040,411 3147,415 3254,420 3361,425 3468,429 3576,437"/>
        <TextEquiv>
          <Unicode>la dame Lemonnier à</Unicode>
        </TextEquiv>
      </TextLine>

    
    
      <TextLine id="r1l2" >
        <Coords points="3392,427 3366,427 3353,424 3338,437 3325,448 3233,453 3192,437 3148,419 3146,419 3143,419 3015,432 2918,417 2915,417 2913,417 2880,435 2859,445 2780,445 2718,445 2700,432 2680,417 2677,417 2675,417 2672,417 2554,430 2552,430 2526,409 2524,409 2521,409 2519,409 2516,409 2478,430 2462,437 2347,427 2296,424 2293,424 2275,427 2240,435 2222,427 2188,412 2186,412 2183,412 2104,422 2027,399 2024,399 1830,394 1827,394 1825,394 1776,407 1728,394 1725,394 1722,394 1720,394 1671,422 1666,422 1420,419 1420,478 1418,496 3578,542 3584,519 3584,442 3394,427 3392,427"/>
        <Baseline points="1422,479 1530,481 1638,483 1746,485 1854,487 1962,489 2070,491 2179,492 2287,494 2395,495 2503,497 2611,498 2719,501 2827,503 2936,504 3044,507 3152,510 3260,512 3368,515 3476,519 3585,522"/>
        <TextEquiv>
          <Unicode>entrer en justice faute par son mari de l’avoir fait ; Donner défait </Unicode>
        </TextEquiv>
      </TextLine>

    
    
      <TextLine id="r1l3" >
        <Coords points="1397,570 1395,586 1620,611 1623,611 1735,601 1871,616 1873,616 1876,616 1909,604 2076,619 2078,619 2155,606 2178,622 2181,622 2183,622 2186,622 2252,609 2280,627 2283,627 2286,627 2288,627 2432,609 2449,609 2455,611 2496,632 2498,632 2501,632 2503,632 2549,611 2554,611 2570,614 2690,632 2693,632 2769,616 2782,616 3151,622 3156,627 3171,637 3174,637 3176,637 3179,637 3230,627 3238,627 3266,650 3269,650 3271,650 3379,652 3381,652 3384,652 3432,632 3435,632 3591,634 3596,622 3596,565 3415,563 3412,560 3381,535 3379,535 3376,535 3374,535 3371,535 3325,555 3217,532 3215,532 3212,532 3169,552 3164,555 3133,552 2900,524 2897,524 2895,524 2841,545 2831,547 2641,545 2634,540 2606,524 2603,524 2600,524 2536,535 2496,514 2493,514 2490,514 2332,532 2304,535 2296,532 2280,517 2278,517 2275,517 2273,517 2270,517 2242,529 2234,532 2142,532 2132,527 2065,504 2063,504 2060,504 1955,522 1937,524 1909,522 1735,496 1620,494 1617,494 1615,494 1579,512 1472,491 1469,491 1466,491 1464,491 1436,509 1428,514 1397,509 1397,570"/>
        <Baseline points="1400,573 1509,579 1619,584 1729,587 1839,590 1949,593 2059,594 2168,596 2278,596 2388,597 2498,597 2608,597 2718,599 2828,599 2937,600 3047,602 3157,605 3267,608 3377,612 3487,617 3597,623"/>
        <TextEquiv>
          <Unicode>contre les époux Lemonnier non comparants ni personne pour eux quoique </Unicode>
        </TextEquiv>
      </TextLine>

    
    
      <TextLine id="r1l4" >
        <Coords points="1405,688 1479,706 1482,706 1648,698 1825,714 1827,714 1830,714 1879,701 1894,698 1912,704 1960,716 1963,716 1966,716 2396,714 2731,714 2795,724 2833,732 2836,732 2859,727 2915,714 3051,714 3069,729 3072,729 3074,729 3077,729 3328,721 3599,744 3604,719 3604,665 3491,650 3489,650 3389,657 3335,660 3320,655 3292,642 3289,642 3287,642 3284,642 3281,642 3266,652 3253,657 3077,657 3064,645 3041,627 3038,627 3036,627 3033,627 3031,627 2982,642 2951,652 2872,640 2867,640 2864,640 2862,640 2785,650 2739,650 2718,634 2695,616 2693,616 2690,616 2508,611 2506,611 2426,624 2408,627 2380,622 2304,609 2301,609 2298,609 2296,609 2280,619 2252,637 2211,616 2199,611 2196,611 2193,611 2170,616 2112,629 2076,611 2055,604 2053,604 2050,604 2048,604 2027,611 1966,634 1858,606 1832,599 1830,599 1712,599 1710,599 1707,599 1704,599 1704,601 1661,627 1556,627 1410,591 1408,678 1405,688"/>
        <Baseline points="1410,680 1519,684 1629,688 1739,691 1849,693 1959,695 2068,695 2178,696 2288,696 2398,696 2508,696 2617,696 2727,696 2837,696 2947,698 3057,699 3166,701 3276,704 3386,709 3496,714 3606,720"/>
        <TextEquiv>
          <Unicode>dument appelés. Et pour le profit du dit défaut condamner les époux </Unicode>
        </TextEquiv>
      </TextLine>

    
    
      <TextLine id="r1l5" >
        <Coords points="1410,780 1408,798 1930,816 1932,816 1935,816 1950,808 1978,798 2063,811 2127,821 2129,821 2132,821 2155,814 2168,808 2183,814 2209,824 2211,824 2214,824 2288,816 2339,811 2388,819 2444,826 2447,826 2488,819 2549,808 2583,821 2603,829 2606,829 2608,829 2662,824 2759,811 2813,826 2818,826 2821,826 2823,826 2831,826 2892,814 3251,826 3253,826 3394,816 3594,839 3599,808 3596,760 3466,734 3463,734 3371,750 3340,734 3338,734 3335,734 3333,734 3302,752 3246,714 3243,714 3240,714 3133,711 3130,711 3128,711 3125,711 3092,737 3056,711 3054,711 3051,711 3048,711 3046,711 2997,724 2910,716 2908,716 2905,716 2833,742 2767,706 2764,706 2703,706 2700,706 2698,706 2695,706 2657,734 2603,704 2600,704 2472,704 2470,704 2467,704 2465,704 2442,719 2414,701 2411,701 2408,701 2280,701 2278,701 2275,701 2176,739 2176,742 2099,742 2096,739 2045,709 2042,709 2040,709 2037,709 2035,709 2032,709 1989,734 1912,704 1909,704 1907,704 1904,704 1861,721 1812,698 1809,698 1807,698 1804,698 1730,734 1410,732 1410,780"/>
        <Baseline points="1412,783 1521,786 1630,789 1740,791 1849,792 1959,794 2068,795 2177,795 2287,795 2396,795 2506,795 2615,795 2724,795 2834,796 2943,797 3053,798 3162,800 3271,801 3381,804 3490,807 3600,810"/>
        <TextEquiv>
          <Unicode>Lemonnier à leur payer avec intérêt suivant la loi la somme de neuf </Unicode>
        </TextEquiv>
      </TextLine>

    
    
      <TextLine id="r1l6" >
        <Coords points="1392,880 1390,906 3604,921 3609,903 3609,844 3440,829 3438,829 3435,829 3407,842 3368,814 3366,814 3363,814 3361,814 3358,814 3289,839 3287,839 3215,814 3212,814 3210,814 3207,814 3161,834 3118,811 3115,811 3041,811 3038,811 3036,811 3033,811 2997,837 2995,837 2987,837 2818,819 2816,819 2813,819 2782,832 2664,816 2662,816 2659,816 2626,829 2590,806 2588,806 2585,806 2583,806 2457,832 2449,832 2437,832 2291,814 2288,814 2186,829 2176,829 2173,829 2122,806 2119,806 2117,806 2114,806 2078,816 2030,801 2027,801 1863,798 1802,798 1799,798 1797,798 1794,798 1753,824 1745,824 1541,796 1538,796 1392,819 1392,880"/>
        <Baseline points="1395,881 1505,884 1616,887 1727,890 1838,891 1949,893 2060,894 2170,894 2281,894 2392,894 2503,894 2614,894 2725,894 2836,894 2946,894 3057,894 3168,896 3279,897 3390,899 3501,901 3612,905"/>
        <TextEquiv>
          <Unicode>francs qu’ils leur doivent pour prix de travaux faits par la dame </Unicode>
        </TextEquiv>
      </TextLine>

    
    
      <TextLine id="r1l7" >
        <Coords points="1433,988 1433,1016 1945,1008 2575,1024 2577,1024 2670,1011 2754,1026 2759,1026 2762,1026 2767,1026 2846,1013 2867,1026 2869,1026 2872,1026 2874,1026 3289,1016 3599,1031 3604,1006 3601,952 3514,952 3509,949 3417,913 3415,913 3292,911 3289,911 3287,911 3205,939 3169,916 3166,916 3164,916 3161,916 3159,916 3156,916 3128,939 3095,942 2987,947 2972,939 2918,908 2915,908 2803,908 2800,908 2798,908 2739,934 2713,944 2675,931 2641,921 2639,921 2636,921 2634,921 2611,931 2583,942 2511,929 2478,924 2475,924 2472,924 2470,924 2465,929 2439,942 2234,942 2204,924 2168,903 2165,903 2163,903 2160,903 2127,921 2094,939 2045,924 2042,924 2040,924 1930,936 1899,916 1879,903 1876,903 1873,903 1871,903 1802,908 1799,908 1786,913 1740,936 1679,911 1640,898 1638,898 1635,898 1574,911 1553,913 1546,908 1530,898 1528,898 1525,898 1523,898 1433,906 1433,988"/>
        <Baseline points="1434,990 1542,993 1651,996 1759,998 1868,999 1977,999 2085,999 2194,999 2302,998 2411,998 2520,996 2628,996 2737,995 2845,995 2954,995 3063,996 3171,997 3280,999 3388,1001 3497,1005 3606,1008"/>
        <TextEquiv>
          <Unicode>Grad pour leur compte et d’après leurs ordres, plus une indemnité </Unicode>
        </TextEquiv>
      </TextLine>

    
    
      <TextLine id="r1l8" >
        <Coords points="1405,1098 1402,1118 2037,1113 2124,1123 2150,1126 2152,1126 2204,1123 2391,1113 2424,1123 2429,1126 2432,1126 2434,1126 2478,1123 2693,1113 2713,1126 2716,1126 2718,1126 2721,1126 2739,1126 2864,1113 2933,1126 2954,1128 2956,1128 2977,1126 3033,1116 3074,1126 3084,1128 3087,1128 3089,1128 3112,1126 3182,1116 3614,1126 3619,1105 3619,1047 3522,1047 3522,1044 3435,1011 3432,1011 3335,1011 3333,1011 3330,1011 3269,1044 3217,1011 3215,1011 3212,1011 3038,1011 3036,1011 3033,1011 3031,1011 2982,1041 2938,1044 2897,1044 2892,1044 2808,1008 2805,1008 2667,1008 2664,1008 2662,1008 2659,1008 2621,1036 2570,1036 2498,1008 2496,1008 2493,1008 2490,1008 2488,1008 2439,1039 2347,1008 2344,1008 2342,1008 2339,1008 2252,1041 2250,1041 2247,1041 2206,1016 2204,1016 2201,1016 2145,1013 2142,1013 2140,1013 2137,1013 2099,1039 2099,1041 1879,1041 1876,1039 1786,1011 1784,1011 1781,1011 1640,1018 1594,1006 1592,1006 1589,1006 1587,1006 1525,1036 1497,1016 1495,1016 1492,1016 1489,1016 1487,1016 1484,1016 1456,1039 1451,1039 1405,1039 1405,1098"/>
        <Baseline points="1407,1100 1517,1101 1628,1103 1739,1103 1849,1103 1960,1102 2071,1101 2181,1100 2292,1099 2403,1098 2514,1097 2624,1095 2735,1095 2846,1094 2956,1094 3067,1095 3178,1095 3288,1097 3399,1100 3510,1103 3621,1106"/>
        <TextEquiv>
          <Unicode>pour le préjudice de temps qu’ils leur ont fait éprouver en ne </Unicode>
        </TextEquiv>
      </TextLine>

    
    
      <TextLine id="r1l9" >
        <Coords points="1420,1198 1418,1205 3609,1223 3614,1205 3609,1141 3563,1141 3558,1139 3520,1111 3517,1111 3514,1111 3233,1111 3230,1111 3228,1111 3159,1136 3143,1141 3128,1136 3082,1121 3079,1121 3077,1121 3013,1136 2984,1141 2969,1134 2920,1113 2918,1113 2915,1113 2803,1134 2772,1139 2749,1134 2721,1126 2718,1126 2716,1126 2662,1134 2608,1139 2593,1131 2544,1108 2542,1108 2539,1108 2536,1108 2449,1131 2416,1139 2403,1131 2378,1113 2375,1113 2373,1113 2370,1113 2293,1128 2247,1139 2106,1139 2091,1128 2060,1105 2058,1105 2055,1105 2053,1105 2050,1105 1968,1126 1927,1139 1817,1139 1794,1126 1751,1105 1748,1105 1745,1105 1666,1123 1648,1128 1640,1123 1625,1113 1623,1113 1620,1113 1489,1105 1487,1105 1484,1105 1420,1121 1420,1198"/>
        <Baseline points="1421,1199 1530,1200 1640,1202 1750,1203 1859,1203 1969,1203 2079,1202 2188,1202 2298,1200 2408,1199 2518,1197 2627,1196 2737,1196 2847,1194 2956,1194 3066,1194 3176,1196 3285,1197 3395,1199 3505,1203 3615,1206"/>
        <TextEquiv>
          <Unicode>comparaissant pas devant les Bureaux du Conseil et les dépens. </Unicode>
        </TextEquiv>
      </TextLine>

    
    
      <TextLine id="r1l10" >
        <Coords points="3525,1203 3502,1200 3422,1203 3420,1203 3417,1203 3399,1218 3376,1200 3374,1200 3371,1200 3246,1200 3243,1200 3240,1200 3133,1228 3092,1239 3056,1228 2987,1203 2984,1203 2982,1203 2979,1203 2923,1226 2897,1236 2880,1226 2851,1205 2849,1205 2846,1205 2780,1198 2777,1198 2775,1198 2705,1223 2664,1236 2316,1236 2293,1218 2291,1218 2288,1218 2286,1218 2283,1218 2232,1233 2199,1216 2173,1200 2168,1203 2142,1203 2117,1203 2091,1203 2081,1203 2060,1213 2030,1231 1945,1231 1914,1210 1902,1203 1886,1203 1861,1203 1848,1203 1830,1210 1820,1213 1799,1210 1761,1203 1758,1203 1733,1203 1707,1203 1702,1203 1697,1208 1674,1223 1625,1208 1602,1200 1579,1200 1553,1200 1528,1200 1502,1200 1482,1200 1425,1203 1425,1292 1425,1323 1528,1315 1579,1323 1617,1331 1620,1331 1623,1331 1640,1323 1666,1313 1684,1323 1689,1328 1692,1328 1694,1328 1697,1328 1699,1328 1710,1323 1738,1313 1873,1313 2019,1323 2137,1333 2140,1333 2142,1333 2145,1333 2158,1323 2168,1318 2255,1323 2286,1326 2288,1326 2301,1323 2352,1313 2368,1323 2373,1328 2375,1328 2378,1328 2380,1328 2383,1328 2391,1323 2408,1315 2447,1323 2480,1331 2483,1331 2570,1323 2652,1318 2675,1323 2705,1333 2708,1333 2711,1333 2762,1323 2785,1320 2792,1323 2818,1336 2821,1336 2823,1336 2826,1336 2862,1323 2885,1315 3008,1315 3048,1323 3115,1338 3118,1341 3256,1341 3256,1338 3258,1338 3284,1323 3299,1318 3507,1318 3530,1323 3566,1336 3568,1336 3571,1336 3622,1323 3624,1303 3624,1233 3530,1203 3525,1203"/>
        <Baseline points="1428,1295 1543,1299 1659,1301 1775,1302 1890,1302 2006,1304 2122,1302 2238,1302 2353,1301 2469,1299 2585,1299 2701,1298 2816,1296 2932,1296 3048,1296 3164,1296 3279,1296 3395,1298 3511,1301 3627,1304"/>
        <TextEquiv>
          <Unicode>Point de droit - Devait-on donner défait contre les époux Lemonnier </Unicode>
        </TextEquiv>
      </TextLine>

    
    
      <TextLine id="r1l11" >
        <Coords points="1420,1402 1418,1425 3617,1431 3622,1408 3619,1359 3520,1354 3486,1328 3484,1328 3481,1328 3479,1328 3476,1328 3374,1356 3335,1328 3333,1328 3330,1328 3246,1328 3243,1328 3240,1328 3169,1356 3164,1356 3156,1356 3015,1328 2754,1328 2752,1328 2749,1328 2677,1354 2667,1356 2501,1356 2496,1354 2470,1333 2467,1333 2465,1333 2462,1333 2283,1351 2255,1354 2250,1351 2204,1328 2201,1328 2199,1328 2196,1328 2117,1349 2040,1338 2037,1338 2035,1338 2032,1338 2012,1351 2004,1356 1830,1356 1804,1349 1738,1336 1735,1336 1733,1336 1694,1349 1679,1354 1664,1349 1638,1338 1635,1338 1633,1338 1566,1349 1530,1354 1520,1349 1495,1328 1492,1328 1489,1328 1487,1328 1484,1328 1420,1346 1420,1402"/>
        <Baseline points="1422,1403 1532,1405 1642,1407 1752,1409 1862,1410 1972,1410 2082,1410 2192,1409 2302,1407 2412,1407 2523,1406 2633,1404 2743,1403 2853,1403 2963,1402 3073,1401 3183,1403 3293,1403 3403,1404 3513,1407 3624,1410"/>
        <TextEquiv>
          <Unicode>non comparant ni personne pour eux quoique dument appelés et pour </Unicode>
        </TextEquiv>
      </TextLine>

    
    
      <TextLine id="r1l12" >
        <Coords points="1428,1510 1428,1541 1574,1525 1825,1538 1827,1538 1830,1538 1879,1520 1932,1536 1935,1536 1937,1536 2065,1518 2196,1538 2199,1538 2362,1523 2841,1530 2844,1530 2846,1530 2900,1518 3100,1536 3102,1536 3105,1536 3187,1515 3233,1530 3235,1530 3238,1530 3240,1530 3274,1515 3345,1530 3348,1530 3540,1518 3627,1536 3632,1505 3630,1451 3560,1451 3499,1413 3496,1413 3494,1413 3389,1413 3386,1413 3384,1413 3381,1413 3328,1451 3189,1451 3161,1431 3159,1431 3156,1431 3153,1431 3151,1431 3115,1451 2900,1451 2785,1413 2782,1413 2780,1413 2777,1413 2711,1448 2657,1415 2654,1415 2652,1415 2649,1415 2647,1415 2644,1415 2593,1448 2547,1451 2536,1454 2457,1454 2457,1451 2380,1415 2378,1415 2255,1415 2252,1415 2250,1415 2247,1415 2206,1441 2173,1415 2170,1415 2168,1415 2165,1415 2094,1431 2001,1415 1999,1415 1996,1415 1994,1415 1945,1451 1879,1451 1838,1428 1835,1428 1832,1428 1830,1428 1827,1428 1792,1446 1748,1415 1745,1415 1743,1415 1648,1415 1646,1415 1643,1415 1640,1415 1584,1448 1515,1415 1512,1415 1510,1415 1507,1415 1425,1451 1428,1510"/>
        <Baseline points="1430,1511 1540,1512 1650,1512 1760,1512 1870,1512 1980,1511 2090,1511 2201,1509 2311,1508 2421,1508 2531,1506 2641,1505 2751,1505 2861,1503 2972,1503 3082,1503 3192,1503 3302,1503 3412,1503 3522,1505 3633,1506"/>
        <TextEquiv>
          <Unicode>le profit adjuger aux demandeurs les conclusions par eux précédemment </Unicode>
        </TextEquiv>
      </TextLine>

    
    
      <TextLine id="r1l13" >
        <Coords points="1443,1615 1443,1643 2465,1625 3105,1633 3107,1633 3210,1620 3632,1630 3637,1602 3635,1551 3591,1551 3537,1515 3535,1515 3532,1515 3530,1515 3392,1533 3335,1515 3333,1515 3230,1515 3228,1515 3225,1515 3159,1553 2974,1553 2900,1520 2897,1520 2895,1520 2800,1530 2769,1518 2767,1518 2764,1518 2703,1520 2700,1520 2698,1520 2654,1548 2613,1523 2611,1523 2608,1523 2606,1523 2460,1546 2421,1523 2419,1523 2416,1523 2414,1523 2411,1523 2347,1546 2263,1523 2260,1523 2257,1523 2255,1523 2252,1523 2222,1543 2114,1533 2112,1533 2109,1533 2037,1559 1925,1559 1899,1538 1896,1538 1894,1538 1891,1538 1889,1538 1848,1548 1725,1525 1722,1525 1720,1525 1635,1561 1441,1561 1443,1615"/>
        <Baseline points="1445,1617 1554,1617 1664,1617 1773,1617 1883,1617 1993,1616 2102,1616 2212,1614 2322,1613 2431,1612 2541,1611 2651,1610 2760,1608 2870,1607 2980,1607 3089,1605 3199,1605 3309,1605 3418,1605 3528,1605 3638,1605"/>
        <TextEquiv>
          <Unicode>prises ? Que devait-on statuer à l’égard des dépens ? Après avoir </Unicode>
        </TextEquiv>
      </TextLine>

    
    
      <TextLine id="r1l14" >
        <Coords points="1423,1717 1423,1740 3619,1720 3622,1704 3617,1646 3476,1648 3468,1646 3427,1615 3425,1615 3422,1615 3348,1615 3345,1615 3343,1615 3287,1640 3251,1615 3248,1615 3246,1615 3179,1615 3176,1615 3174,1615 3118,1643 3097,1630 3095,1630 3092,1630 3089,1630 3087,1630 3048,1648 3043,1651 3041,1648 3010,1625 3008,1625 3005,1625 3002,1625 2839,1648 2823,1651 2816,1648 2734,1620 2731,1620 2662,1620 2659,1620 2657,1620 2590,1646 2439,1620 2437,1620 2434,1620 2347,1643 2268,1623 2265,1623 2263,1623 2260,1623 2257,1623 2214,1653 2206,1658 2112,1658 2104,1653 2071,1635 2068,1635 2065,1635 2063,1635 2014,1653 2007,1656 1920,1656 1802,1653 1766,1625 1763,1625 1761,1625 1712,1625 1710,1625 1707,1625 1646,1656 1640,1658 1630,1656 1495,1625 1492,1625 1489,1625 1420,1656 1423,1717"/>
        <Baseline points="1424,1719 1539,1719 1655,1719 1771,1718 1886,1718 2002,1717 2118,1716 2234,1716 2349,1715 2465,1713 2581,1713 2697,1712 2812,1710 2928,1710 3044,1709 3160,1709 3275,1707 3391,1707 3507,1706 3623,1706"/>
        <TextEquiv>
          <Unicode>entendu les époux Grad en leur demandes et conclusions et en avoir </Unicode>
        </TextEquiv>
      </TextLine>

    
    
      <TextLine id="r1l15" >
        <Coords points="2037,1717 2012,1717 1986,1717 1960,1717 1935,1717 1909,1717 1894,1717 1891,1717 1858,1735 1797,1720 1781,1720 1768,1720 1710,1735 1679,1743 1666,1735 1646,1720 1628,1720 1602,1720 1576,1720 1564,1720 1528,1733 1479,1751 1428,1733 1425,1817 1425,1845 3637,1832 3637,1807 3635,1758 3532,1743 3530,1743 3527,1743 3525,1743 3507,1756 3504,1758 3089,1758 3074,1751 3013,1712 3010,1712 3008,1712 2862,1712 2859,1712 2856,1712 2854,1712 2810,1743 2757,1715 2754,1715 2603,1715 2600,1715 2544,1722 2542,1722 2539,1722 2508,1745 2490,1756 2455,1743 2396,1725 2393,1725 2391,1725 2388,1725 2342,1743 2291,1761 2106,1751 2091,1740 2055,1717 2037,1717"/>
        <Baseline points="1427,1820 1537,1820 1648,1821 1758,1821 1869,1821 1979,1821 2090,1821 2200,1821 2311,1820 2421,1820 2532,1818 2643,1818 2753,1817 2864,1816 2974,1815 3085,1814 3195,1813 3306,1812 3416,1811 3527,1809 3638,1809"/>
        <TextEquiv>
          <Unicode>délibéré conformément à la loi ; attendu que la demande des époux </Unicode>
        </TextEquiv>
      </TextLine>

    
    
      <TextLine id="r1l16" >
        <Coords points="1441,1930 1441,1945 1607,1958 1610,1958 1710,1945 1733,1943 1789,1945 2012,1953 2014,1953 2017,1953 2058,1943 2065,1940 2068,1943 2086,1953 2088,1953 2091,1953 2094,1953 2152,1943 2165,1940 2178,1940 2255,1953 2257,1953 2339,1940 2362,1937 2465,1940 2795,1948 2798,1948 3627,1930 3627,1909 3622,1835 3317,1825 3315,1825 3312,1825 3284,1840 3256,1856 3161,1845 3159,1845 3041,1858 3002,1845 2951,1827 2949,1827 2946,1827 2944,1827 2872,1845 2849,1827 2846,1827 2844,1827 2841,1827 2777,1830 2775,1830 2772,1830 2746,1848 2708,1830 2705,1830 2703,1830 2700,1830 2631,1853 2606,1861 2588,1853 2536,1830 2534,1830 2531,1830 2529,1830 2442,1856 2416,1863 2393,1858 2316,1832 2314,1832 2311,1832 2309,1832 2306,1832 2283,1848 2168,1835 2165,1835 2163,1835 2160,1835 2124,1863 2117,1866 2058,1863 1863,1853 1861,1853 1728,1868 1710,1871 1707,1871 1664,1843 1661,1843 1658,1843 1656,1843 1653,1843 1576,1871 1495,1861 1492,1861 1489,1861 1438,1873 1441,1930"/>
        <Baseline points="1442,1932 1551,1929 1660,1928 1770,1926 1879,1925 1988,1925 2098,1923 2207,1923 2316,1923 2426,1923 2535,1922 2644,1922 2754,1922 2863,1922 2972,1922 3082,1920 3191,1919 3300,1919 3410,1917 3519,1914 3629,1911"/>
        <TextEquiv>
          <Unicode>Grad paraît juste et fondée ; que d’ailleurs elle n’est contestée par </Unicode>
        </TextEquiv>
      </TextLine>

    
    
      <TextLine id="r1l17" >
        <Coords points="1448,2032 1448,2050 3650,2040 3650,2014 3645,1968 3596,1968 3525,1927 3522,1927 3443,1927 3440,1927 3438,1927 3361,1968 3317,1968 3294,1968 3289,1968 3176,1955 3174,1955 3089,1968 3064,1955 3061,1955 3059,1955 3056,1955 3023,1971 3020,1971 3010,1971 2915,1958 2913,1958 2803,1968 2672,1935 2670,1935 2667,1935 2506,1966 2401,1935 2398,1935 2396,1935 2337,1937 2334,1937 2245,1973 2237,1978 2163,1978 2160,1976 2086,1937 2083,1937 2081,1937 2014,1940 2012,1940 2009,1940 1953,1976 1948,1978 1945,1976 1879,1940 1876,1940 1873,1940 1871,1940 1838,1953 1779,1940 1776,1940 1774,1940 1684,1976 1676,1981 1669,1978 1605,1943 1602,1943 1515,1943 1512,1943 1510,1943 1446,1976 1448,2032"/>
        <Baseline points="1451,2033 1561,2033 1671,2034 1781,2034 1891,2034 2001,2034 2111,2033 2221,2033 2331,2033 2441,2033 2551,2031 2661,2031 2771,2030 2881,2030 2991,2028 3101,2027 3211,2025 3321,2024 3431,2021 3541,2019 3651,2016"/>
        <TextEquiv>
          <Unicode>les époux Lemonnier non comparants ni personne pour eux quoique dument </Unicode>
        </TextEquiv>
      </TextLine>

    
    
      <TextLine id="r1l18" >
        <Coords points="2928,2030 2926,2030 2836,2078 2831,2081 2593,2081 2590,2081 2567,2063 2565,2063 2562,2063 2560,2063 2557,2063 2506,2081 2503,2081 2501,2081 2424,2042 2421,2042 2342,2037 2339,2037 2337,2037 2219,2083 2214,2086 2122,2086 2112,2083 1999,2040 1996,2040 1917,2040 1914,2040 1912,2040 1853,2058 1794,2042 1792,2042 1789,2042 1786,2042 1784,2042 1743,2068 1707,2042 1704,2042 1702,2042 1699,2042 1569,2055 1500,2045 1497,2045 1495,2045 1492,2045 1428,2081 1431,2142 1431,2178 1548,2165 1651,2178 1669,2178 1671,2178 1674,2178 1679,2178 1756,2152 1873,2168 1876,2168 2071,2150 2101,2163 2104,2163 2106,2163 2109,2163 2168,2147 2309,2170 2311,2170 2314,2170 2319,2170 2480,2145 2531,2168 2534,2168 2536,2168 2690,2145 2831,2158 2833,2158 2836,2158 2895,2142 3061,2158 3064,2158 3338,2140 3363,2155 3366,2155 3368,2155 3371,2155 3484,2137 3619,2158 3622,2119 3617,2073 3453,2073 3384,2024 3381,2024 3379,2024 3376,2024 3248,2027 3246,2027 3243,2027 3174,2076 3161,2076 3133,2078 3077,2078 3074,2076 3005,2035 3002,2035 3000,2035 2931,2030 2928,2030"/>
        <Baseline points="1433,2144 1542,2142 1652,2142 1761,2141 1871,2139 1980,2139 2090,2138 2199,2137 2309,2136 2418,2135 2528,2135 2637,2133 2747,2133 2856,2132 2966,2130 3075,2130 3185,2129 3294,2127 3404,2126 3513,2124 3623,2121"/>
        <TextEquiv>
          <Unicode>appelés ; attendu qu’en ne comparant pas devant les Bureaux </Unicode>
        </TextEquiv>
      </TextLine>

    
    
      <TextLine id="r1l19" >
        <Coords points="1446,2270 2524,2270 2524,2268 2803,2263 2805,2263 2808,2263 2821,2252 2826,2250 2933,2252 3279,2260 3281,2260 3284,2260 3322,2247 3325,2247 3335,2247 3461,2257 3463,2257 3466,2257 3468,2257 3484,2245 3486,2245 3645,2245 3648,2224 3642,2168 3440,2168 3374,2140 3371,2140 3368,2140 3276,2150 3274,2150 3271,2150 3243,2170 3240,2170 3230,2170 3095,2160 3092,2160 2928,2173 2918,2173 2915,2173 2821,2145 2818,2145 2816,2145 2746,2147 2744,2147 2672,2176 2670,2176 2647,2165 2644,2165 2641,2165 2529,2178 2511,2178 2508,2178 2467,2150 2465,2150 2462,2150 2460,2150 2457,2150 2403,2165 2380,2155 2378,2155 2375,2155 2373,2155 2370,2155 2339,2178 2224,2152 2024,2152 2022,2152 2019,2152 2017,2152 1978,2183 1976,2183 1943,2158 1940,2158 1937,2158 1845,2155 1843,2155 1743,2178 1681,2165 1679,2165 1676,2165 1643,2178 1612,2163 1610,2163 1607,2163 1605,2163 1546,2186 1543,2188 1446,2188 1446,2245 1446,2270"/>
        <Baseline points="1448,2246 1558,2246 1668,2247 1778,2247 1888,2247 1998,2247 2108,2246 2218,2246 2328,2244 2438,2243 2549,2241 2659,2240 2769,2238 2879,2237 2989,2235 3099,2234 3209,2232 3319,2229 3429,2228 3539,2226 3650,2225"/>
        <TextEquiv>
          <Unicode>du Conseil les époux Lemonnier ont causé aux époux Grad un préjudice </Unicode>
        </TextEquiv>
      </TextLine>

    
    
      <TextLine id="r1l20" >
        <Coords points="1425,2355 1425,2398 1477,2398 1477,2396 1479,2396 1536,2368 1661,2368 1689,2385 1692,2385 1694,2385 1697,2385 1858,2368 1943,2385 1968,2391 1971,2391 1973,2391 1976,2391 1981,2385 2007,2368 2086,2378 2088,2378 2091,2378 2094,2378 2117,2362 2508,2373 2526,2373 2529,2373 2531,2373 2572,2355 2624,2370 2626,2370 2629,2370 2647,2370 3033,2350 3092,2360 3156,2373 3159,2375 3287,2375 3287,2373 3289,2373 3356,2355 3371,2350 3658,2347 3658,2324 3653,2257 3358,2245 3356,2245 3353,2245 3284,2263 3217,2283 2984,2283 2961,2268 2936,2250 2933,2250 2931,2250 2928,2250 2818,2263 2728,2252 2726,2252 2723,2252 2654,2275 2616,2288 2306,2293 2278,2280 2270,2278 2268,2278 2265,2278 2237,2283 2163,2298 2076,2298 2048,2286 1986,2263 1984,2263 1981,2263 1978,2263 1917,2283 1853,2265 1850,2265 1848,2265 1845,2265 1789,2291 1771,2298 1745,2291 1707,2280 1704,2280 1702,2280 1628,2291 1587,2270 1584,2270 1582,2270 1423,2296 1425,2355"/>
        <Baseline points="1427,2357 1538,2355 1650,2354 1761,2352 1873,2351 1985,2351 2096,2349 2208,2349 2320,2348 2431,2348 2543,2346 2655,2346 2766,2345 2878,2343 2990,2342 3101,2340 3213,2338 3325,2336 3436,2332 3548,2329 3660,2325"/>
        <TextEquiv>
          <Unicode>de perte de temps, ce qu’ils doivent réparer ; Par ces motifs - Le Bureau </Unicode>
        </TextEquiv>
      </TextLine>

    
    
      <TextLine id="r1l21" >
        <Coords points="1438,2455 1438,2485 1679,2470 1809,2480 1853,2483 1856,2483 2045,2475 2280,2467 2570,2467 3315,2467 3317,2467 3640,2447 3642,2432 3632,2370 3599,2388 3520,2380 3517,2380 3356,2398 3307,2380 3304,2380 3302,2380 3299,2380 3297,2380 3269,2401 3182,2401 3153,2380 3133,2368 3130,2368 3128,2368 3072,2368 3069,2368 3066,2368 3064,2368 3043,2383 3015,2403 2944,2403 2913,2385 2877,2370 2874,2370 2872,2370 2869,2370 2867,2370 2836,2388 2823,2396 2792,2388 2759,2383 2757,2383 2721,2391 2657,2406 2631,2393 2590,2373 2588,2373 2455,2373 2452,2373 2449,2373 2370,2398 2368,2398 2298,2383 2296,2383 2293,2383 2291,2383 2265,2401 2260,2406 2165,2406 2163,2403 2127,2378 2124,2378 2122,2378 1963,2378 1960,2378 1958,2378 1955,2378 1907,2408 1896,2416 1748,2416 1743,2414 1681,2380 1679,2380 1676,2380 1674,2380 1605,2414 1436,2419 1438,2455"/>
        <Baseline points="1439,2456 1549,2454 1659,2454 1769,2454 1880,2454 1990,2454 2100,2453 2211,2453 2321,2453 2431,2453 2542,2453 2652,2451 2762,2451 2872,2450 2983,2448 3093,2447 3203,2444 3314,2442 3424,2438 3534,2435 3645,2432"/>
        <TextEquiv>
          <Unicode>Général jugeant en dernier ressort - autorise la dame Lemonnier </Unicode>
        </TextEquiv>
      </TextLine>

    
    
      <TextLine id="r1l22" >
        <Coords points="1415,2575 1968,2588 1971,2588 2373,2570 2529,2583 2531,2583 2662,2570 3166,2575 3169,2575 3171,2575 3225,2562 3243,2575 3246,2575 3248,2575 3251,2575 3381,2560 3550,2560 3571,2572 3573,2572 3576,2572 3578,2572 3658,2554 3658,2536 3645,2452 3601,2478 3514,2455 3509,2455 3507,2455 3504,2455 3502,2455 3499,2455 3453,2485 3415,2485 3376,2457 3374,2455 3371,2455 3368,2455 3366,2455 3281,2460 3279,2460 3276,2460 3253,2478 3194,2462 3174,2457 3171,2457 3169,2457 3166,2457 3164,2457 3156,2462 3120,2485 3051,2465 3028,2460 3025,2460 3023,2460 2984,2467 2920,2480 2892,2470 2869,2460 2867,2460 2864,2460 2862,2460 2839,2470 2798,2493 2685,2493 2659,2475 2647,2465 2644,2465 2641,2465 2639,2465 2636,2465 2616,2475 2590,2490 2460,2493 2437,2480 2416,2465 2414,2465 2411,2465 2373,2465 2370,2465 2245,2483 2163,2496 2150,2485 2124,2467 2122,2467 2119,2467 2048,2467 2045,2467 2042,2467 1999,2488 1984,2498 1809,2498 1799,2493 1761,2470 1758,2470 1756,2470 1684,2470 1681,2470 1584,2478 1582,2478 1579,2478 1543,2498 1538,2503 1415,2503 1415,2557 1415,2575"/>
        <Baseline points="1416,2558 1528,2558 1640,2558 1752,2558 1864,2559 1976,2559 2088,2559 2201,2559 2313,2559 2425,2559 2537,2559 2649,2558 2761,2558 2873,2556 2986,2555 3098,2553 3210,2550 3322,2547 3434,2544 3546,2541 3659,2537"/>
        <TextEquiv>
          <Unicode>à entrer en justice faute par son mari de l’avoir fait ; Donne défaut </Unicode>
        </TextEquiv>
      </TextLine>

    
    
      <TextLine id="r1l23" >
        <Coords points="1423,2705 1978,2688 2104,2695 2255,2703 2257,2703 2370,2688 2406,2685 2447,2688 2567,2695 2570,2695 2631,2682 2636,2682 2639,2682 2672,2695 2675,2695 2677,2695 2680,2695 2736,2682 3230,2685 3233,2685 3325,2670 3343,2682 3345,2682 3348,2682 3351,2682 3512,2680 3514,2680 3566,2662 3578,2659 3653,2659 3658,2636 3650,2585 3596,2590 3586,2585 3573,2575 3571,2575 3568,2575 3566,2575 3563,2575 3560,2575 3545,2585 3540,2588 3537,2585 3517,2572 3514,2572 3512,2572 3509,2572 3507,2572 3504,2572 3486,2585 3484,2588 3479,2585 3450,2575 3448,2575 3445,2575 3443,2575 3417,2588 3402,2595 3179,2598 3123,2590 2956,2562 2954,2562 2951,2562 2882,2580 2818,2567 2816,2567 2721,2588 2698,2577 2695,2577 2693,2577 2690,2577 2688,2577 2662,2595 2636,2611 2373,2613 2342,2598 2298,2575 2296,2575 2293,2575 2291,2575 2242,2590 2214,2577 2211,2577 2209,2577 2040,2580 2037,2580 1978,2603 1927,2621 1809,2616 1792,2603 1766,2585 1763,2585 1761,2585 1758,2585 1643,2588 1640,2588 1574,2606 1546,2613 1525,2606 1492,2595 1489,2595 1487,2595 1484,2595 1459,2608 1441,2616 1423,2608 1423,2677 1423,2705"/>
        <Baseline points="1424,2678 1535,2676 1647,2675 1759,2673 1871,2673 1982,2673 2094,2672 2206,2672 2318,2672 2429,2672 2541,2672 2653,2670 2765,2670 2876,2669 2988,2667 3100,2664 3212,2661 3323,2657 3435,2652 3547,2646 3659,2639"/>
        <TextEquiv>
          <Unicode>contre les époux Lemonnier non comparant ni personne pour eux </Unicode>
        </TextEquiv>
      </TextLine>

    
    
      <TextLine id="r1l24" >
        <Coords points="3655,2675 3532,2662 3530,2662 3527,2662 3502,2675 3491,2680 3479,2675 3448,2664 3445,2664 3443,2664 3440,2664 3438,2664 3422,2677 3381,2705 3235,2705 3179,2680 3151,2667 3148,2667 3146,2667 3143,2667 3118,2680 3072,2705 3033,2680 3028,2677 3025,2677 3023,2677 2931,2670 2928,2670 2926,2670 2923,2670 2905,2682 2864,2713 2734,2716 2631,2716 2580,2688 2572,2682 2570,2682 2567,2682 2565,2682 2552,2688 2488,2713 2449,2695 2447,2695 2444,2695 2442,2695 2388,2708 2355,2690 2350,2685 2347,2685 2344,2685 2342,2685 2319,2690 2219,2713 2137,2693 2135,2693 2132,2693 2129,2693 2060,2723 1991,2726 1953,2726 1902,2695 1886,2685 1884,2685 1881,2685 1879,2685 1699,2688 1697,2688 1679,2698 1620,2731 1518,2731 1446,2700 1443,2775 1446,2821 1500,2800 1671,2816 1679,2816 1681,2816 1684,2816 1687,2816 1710,2798 1786,2813 1789,2813 1792,2813 1804,2813 2022,2792 2053,2808 2060,2810 2063,2810 2065,2810 2068,2810 2076,2808 2106,2792 2127,2805 2132,2810 2135,2810 2137,2810 2140,2810 2209,2803 2339,2790 2414,2800 2465,2805 2467,2805 2529,2798 2608,2785 2631,2795 2652,2803 2654,2803 2657,2803 2716,2792 2759,2785 2872,2787 3105,2798 3107,2798 3320,2780 3371,2775 3389,2777 3473,2792 3476,2792 3479,2792 3481,2792 3507,2775 3545,2787 3548,2787 3550,2787 3553,2787 3555,2787 3576,2772 3578,2772 3658,2772 3660,2744 3655,2675"/>
        <Baseline points="1445,2777 1555,2777 1666,2777 1777,2777 1888,2778 1999,2778 2110,2778 2220,2778 2331,2778 2442,2778 2553,2778 2664,2777 2775,2775 2886,2774 2996,2771 3107,2769 3218,2766 3329,2762 3440,2757 3551,2752 3662,2745"/>
        <TextEquiv>
          <Unicode>quoique dument appelés ; Et adjugeant le profit du dit défaut </Unicode>
        </TextEquiv>
      </TextLine>

    
    
      <TextLine id="r1l25" >
        <Coords points="1410,2882 1410,2910 1871,2913 1873,2913 1950,2903 1984,2900 1999,2903 2055,2915 2058,2915 2129,2900 2150,2897 2168,2900 2237,2913 2240,2913 2393,2897 2398,2897 2424,2910 2426,2910 2429,2910 2703,2908 2867,2890 2877,2890 2885,2890 2987,2905 2990,2905 2992,2905 3059,2887 3061,2887 3064,2887 3095,2900 3097,2900 3100,2900 3402,2887 3435,2900 3438,2900 3440,2900 3443,2900 3479,2885 3527,2897 3530,2897 3532,2897 3671,2877 3671,2856 3668,2805 3550,2772 3548,2772 3545,2772 3543,2772 3448,2803 3379,2775 3376,2775 3310,2775 3307,2775 3304,2775 3302,2775 3276,2795 3223,2795 3220,2795 3217,2795 3215,2795 3207,2803 3176,2823 3048,2810 3046,2810 3043,2810 3041,2810 3020,2826 2762,2826 2698,2805 2695,2805 2693,2805 2659,2810 2641,2800 2613,2782 2611,2782 2608,2782 2552,2782 2549,2782 2547,2782 2544,2782 2521,2800 2498,2816 2442,2798 2393,2785 2391,2785 2298,2785 2296,2785 2293,2785 2260,2798 2176,2833 1968,2836 1894,2803 1891,2803 1889,2803 1886,2803 1884,2803 1832,2841 1753,2841 1633,2795 1625,2792 1623,2792 1620,2792 1408,2792 1410,2882"/>
        <Baseline points="1412,2883 1525,2885 1638,2885 1751,2886 1864,2888 1977,2888 2090,2888 2203,2889 2316,2889 2429,2889 2542,2888 2655,2888 2768,2886 2881,2885 2994,2882 3107,2880 3220,2876 3333,2873 3446,2868 3559,2864 3672,2858"/>
        <TextEquiv>
          <Unicode>condamne les époux Lemonnier à payer avec intérêts suivant </Unicode>
        </TextEquiv>
      </TextLine>

    
    
      <TextLine id="r1l26" >
        <Coords points="3484,2867 3481,2867 3479,2867 3476,2867 3443,2885 3438,2887 3435,2885 3399,2869 3397,2869 3394,2869 3392,2869 3389,2869 3363,2885 3340,2900 3256,2903 3212,2887 3184,2877 3184,2877 3159,2880 3133,2880 3107,2880 3082,2882 3056,2882 3031,2882 3018,2882 3010,2887 2982,2905 2823,2897 2821,2897 2716,2910 2695,2897 2693,2897 2690,2897 2688,2897 2616,2913 2577,2892 2575,2892 2572,2892 2570,2892 2536,2903 2501,2892 2493,2890 2467,2890 2460,2890 2457,2892 2439,2903 2401,2892 2391,2890 2391,2890 2365,2890 2342,2890 2329,2892 2206,2920 2155,2895 2147,2890 2145,2890 2135,2890 2109,2890 2083,2890 2065,2890 2063,2890 2060,2890 2050,2895 2004,2918 1958,2895 1953,2892 1950,2892 1894,2892 1891,2892 1889,2892 1886,2892 1881,2895 1827,2928 1730,2931 1674,2931 1628,2897 1625,2897 1623,2897 1620,2897 1418,2897 1420,2992 1420,3018 1751,3013 1756,3015 1774,3028 1776,3028 1779,3028 1781,3031 1861,3031 1861,3028 1863,3028 1899,3013 1909,3010 1981,3013 2201,3023 2204,3023 2327,3008 2365,3005 2406,3008 2526,3018 2529,3018 2672,3005 2708,3000 3648,2992 3650,2956 3642,2885 3584,2897 3563,2885 3553,2877 3550,2877 3548,2877 3545,2877 3543,2877 3522,2885 3514,2887 3512,2885 3486,2867 3484,2867"/>
        <Baseline points="1422,2993 1533,2993 1644,2994 1756,2994 1867,2996 1979,2996 2090,2997 2202,2997 2313,2997 2425,2997 2536,2997 2647,2997 2759,2996 2870,2993 2982,2990 3093,2987 3205,2983 3316,2978 3428,2972 3539,2965 3651,2957"/>
        <TextEquiv>
          <Unicode>la loi aux époux Grad la somme de neuf francs qu’ils leur  </Unicode>
        </TextEquiv>
      </TextLine>

    
    </TextRegion>
    
  </Page>
</PcGts>
