3072 4608
1397 272 2158 441 Dudit jour dix huit Juin
637 322 2688 560 Entre Madame Marie Euphrasiene Piquet, ouvrière, épouse
637 456 2691 645 assistée et autorisée du sieur François Lédouard, et ce dernier,
625 549 2672 733 demeurant ensemble, lesdits époux à Batignolles près Paris, rue
622 641 2684 825 d'orléans, numéro quatre vingt dix ; Demandeurs ; Comparant ;
610 733 2688 933 D'une part ; Et Monsieur et Madame Trouille, le dit
633 837 2688 1013 sieur Trouille tant en son nom personnel que pour assister et autoriser
622 929 2703 1117 la dame son épouse, Corsetière, demeurant et domiciliés ensemble
622 1025 2703 1198 les dits époux, à Paris, rue du faubourg saint honoré, numéro cent
606 1098 2711 1309 Vingt huit ; Défendeur ; Défaillant ; D'autre part ; Point
618 1217 2684 1393 de fait — Par lettres du secrétaire du Conseil de Prud'hommes du
587 1309 2711 1493 Département de la Seine pour l'industrie des tissus en dates des Jeudi
610 1413 2714 1585 dix et samedi douze Juin mil huit cent cinquante huit les époux
595 1509 2703 1681 Lédouard ont fait citer les époux Trouille à comparaître par devant
610 1612 2711 1781 ledit Conseil de Prud'hommes séant en Bureaux Particuliers les samedi
583 1720 2707 1873 douze et Lundi quatorze Juin mil huit cent Cinquante huit pour
602 1812 2722 1981 se concilier si faire se pouvait sur la demande qu'ils entendent former
591 1919 2718 2085 contre eux devant le dit Conseil en paiement de la somme de huit franc
583 2019 2726 2177 qu'ils leur doivent pour prix de travaux faits par la dame de Lédouard
587 2119 2722 2265 pour leur compte et d'après leurs ordres. Les époux Trouille n'ayant
587 2219 2714 2361 pas comparu la cause fut renvoyée devant le Bureau Général
591 2330 2714 2465 du dit Conseil séant le vendredi dix huit Juin mil huit cent
576 2430 2726 2592 Cinquante huit. Cités pour le dit jour dix huit Juin les époux Trouille
564 2526 2714 2668 ne comparurent pas. A l'appel de la cause les époux Lédouard
583 2622 2722 2780 se présentèrent les conclurent à ce qu'il plut au Bureau Général dudit
564 2726 2722 2876 Conseil autoriser la dame Trouille à ester en justice faute par son
587 2826 2726 2983 mari de l'avoir fait ; Donner défaut contre les époux Trouille
564 2941 2734 3068 non comparants ni personne pour eux quoique dument appelés ;
556 3029 2722 3164 Et adjugeant le profit du dit défaut Condamner solidairement
556 3125 2730 3271 les époux Lédouard à leur payer avec intérêts suivant la loi la
572 3229 2741 3363 somme de huit francs qu'ils leur doivent pour prix de travaux faits
591 3325 2726 3467 par la dame Lédouard pour leur compe et d'après leurs ordres
579 3421 2730 3571 plus telle indemnité qu'il plaira au Conseil fixer pour la perte
606 3525 2722 3674 de temp qu'ils leur ont fait éprouver en ne comparaissant pas
591 3621 2714 3790 devant les Bureaux du Conseil et les dépens. Point de droit —
552 3732 2737 3874 Doit on donner défaut Contre les époux Trouille non comparants
599 3832 2726 3997 ni personne pour eux quoique dument appelés et pour le profit
564 3928 2722 4074 adjuger aux démandeurs les conclusions par eux précédemment
564 4020 2734 4185 prises ? Que doit- il être statué à l'égard des dépends ? Après
576 4124 2734 4277 avoir entendu les époux Lédouard en leurs demandes et conclusions
572 4216 2734 4423 et en avoir délibéré Conformément à la loi ; Attendu que la demande
