4608 3072
1136 74 4011 230 de la Seine  pour l’industrie des tissus séant en bureau particulier le
1108 207 4067 348 lundi trente novembre mil huit cent cinquante sept pour se
1100 330 4003 494 concilier si faire se pouvait sur la demande qu’ils entendaient former
1134 465 4011 616 contre lui devant le dit Conseil en exécution de convention verbale
1113 601 4001 752 d’apprentissage consentie pour trois années du temps de sa fille à
1134 732 4011 893 partir  du premier septembre mil huit cent sept.
1105 872 4044 1018 A l’appel de la cause les époux Didier se présentèrent et exposèrent que
1139 993 4039 1169 suivant convention verbale en date du premier septembre dernier la
1116 1141 4047 1320 mineure Elisa Vieille leur fut donnée en apprentissage par son père
1126 1308 4067 1443 pour trois année : les deux premières année sans outre charges
1144 1428 4085 1576 pour les époux de lui enseigner la profession d’ouvriers fleuriste et
1126 1556 4075 1735 la troisième année l’apprentie devait etre nourrie et couchée
1123 1702 4090 1858 chez eux. De son coté Viéville dit connaitre au Conseil qu’à la
1095 1843 4098 1986 vérité il a placé sa fille pour trois année, moyennant la nourriture
1085 2001 4108 2142 pendant toute la durée de la troisième année mais qu’il n’a jamais
1075 2104 4113 2311 consenti à la laisser coucher ; qu’à la condition qu’elle  reviendra coucher
1062 2263 4108 2442 chez lui consentir à lui laisser terminer son apprentissage.
1113 2406 4126 2570 Le bureau fit d’avis que l’apprentissage de la mineure Vieille
1136 2560 4131 2718 devait se continuer, l’apprentie retournant chez lui tous les soirs
1136 2705 4136 2859 et se rendant tous les matins à l’atelier à l’atelier à l’heure ordinaire de
1116 2833 4157 3018 l’ouverture. Les parties ayante accepté cette proposition de conciliation
