3072 4608
687 168 2680 360 non comparant ni personne pour lui quoique dument appelé ;
672 264 2718 437 Et adjugeant le profit du dit défaut, condamne Kirsch-Gervaise
672 353 2722 529 à payer avec intérêts suivant la loi à Ballin la somme de Trente francs
672 445 2745 610 qu'il lui doit pour prix de travaux par lui faits pour son compte, d'après
672 537 2764 710 ses ordres et dans ses ateliers, plus une indemnité de six francs pour
672 622 2741 794 temps perdu ; Le condamne en outre aux dépens taxé et liquidés envers
691 721 2741 883 le demandeur à la somme de un franc vingt centimes et à celle de
695 810 2757 979 Soixante quinze Centimes envers le Trésor Public pour le papier timbré
679 902 2768 1059 de la présente minute conformément à la loi du sept août mil huit
675 998 2776 1148 Cent Cinquante, ence, non compris le cout du présent jugement, la
672 1086 2741 1251 signification d'icelui et ses suites. Et vu les articles 437 du code
656 1186 2764 1340 de procédure civile, 27et 42 du décret du onze juin 1809 pour signifier
660 1271 2768 1451 au défendeur le présent jugement, commet Potin, l'un de ses huissiers
691 1370 2576 1582 audienciers. Ainsi jugé les jour mois et an que dessus.
1359 2165 2112 2284 Dudit jour quatre Juin
675 2234 2718 2369 Entre Monsieur Joseph Simon, brodeur pour uniformes
679 2350 2726 2480 demeurant et domicilié à Paris, Boulevart de Sébastopol,
672 2446 2791 2580 numéro Vingt trois ; Demandeur ; Comparant ; D'une part ;
668 2534 2795 2653 Et Madame Veuve Doré, demeurant à Plaisance, commune
660 2630 2799 2764 de Vaugirard, rue de vauves, numéro soixante Cinq, agissant au
648 2737 2818 2853 nom et comme chargée de l'administration de la personne et des biens de sa
660 2826 2818 2983 fille mineure Emelie Doré, apprentie ; Défenderesse ; Comparant ;
629 2922 2803 3048 D'autre part ; Point de fait — Par lettre du secrétaire du Conseil
664 3022 2784 3168 de Prud'hommes du Département de la Seine pour l'industrie des tissus
652 3118 2791 3248 en date du mardi vingt cinq Mai mil huit cent cinquante huit Simon
668 3214 2810 3356 fit citer la dame veuve Doré, ès noms et qualités qu'elle agit, à comparaître
656 3306 2791 3452 par devant le dit Conseil de Prud'hommes séant en Bureau Particulier
641 3409 2818 3536 le samedi vingt neuf Mai mil huit cent cinquante huit pour se
606 3502 2833 3647 concilier si faire se pouvait sur la demande qu'il entendait former
660 3601 2810 3736 contre elle devant le dit conseil en éxécution de Conventions verbales
660 3701 2799 3839 d'apprentissage . A l'appel de la cause Simon se présenta et exposa
668 3793 2680 3939 au Conseil que suivant conventions verbales d'apprentissage
645 3886 2776 4035 intervenues entre lui et la veuve Doré le dix huit Novembre
622 3997 2807 4193 mil huit Cent Cinquante six la dite dame Doré a placé chez lui la
