3072 4608
1209 756 2492 940 J'autorise mon fils auguste
936 879 2461 1063 Legouge de me représenter dans la
921 979 2453 1159 discution pendante entre m Siègard
944 1094 2457 1297 et mon fils puiné Eugène Legouge
952 1221 2415 1393 approuvant à l'avance tout
967 1328 1889 1520 ce que besoin sera
1436 1405 2457 1562 Rebais le 23 mai 1858
921 1628 2376 1847 bon pourvoire pour félécité legouge
879 3751 2952 3935 de l'apprenti par la raison qu'il n'aurait pas contribué à la sortie du jeune
867 3859 2960 4051 Legouge des ateliers de Siégard ? Que doit-il être statué à l'égard des dépens ?
879 3955 2945 4147 Après avoir entendu les parties en leurs demandes et conclusions respectives
