4608 3072
1817 1085 2867 1244 Du dit vingt neuf Janvier
998 1180 3819 1341 Entre Madame Elisa Lavour, épouse assistée et autorisée du
1000 1315 3832 1459 sieur Nicolas Didier, et ce dernier, la dite dame exerçant  la profession
970 1436 3834 1592 de fleuriste, demeurant, les dits époux, à Paris rue Notre Dame Nazarette,
942 1569 3781 1702 numéro soixante cinq ; Demandeurs ; Comparant ; D’une part ;
980 1699 3860 1845 Et Monsieur Vieille, demeurant à Paris, rue des écluses saint Martin,
949 1843 3868 1971 numéro quarante cinq, agissant au nom et comme chargé de l’administration
949 1960 3783 2099 des biens et de la personne de sa fille mineure Elisa Vieille, apprentie ;
965 2081 3822 2227 Défendeur ; Défaillant ; D’autre part ; Point de fait - Par lettre
949 2219 3847 2370 du secrétaire du Conseil de Prud’hommes du Département de la Seine
911 2360 3834 2503 pour l’industrie des tissus en date du Samedi vingt huit novembre
898 2470 3857 2647 mil huit cent cinquante sept les époux Didier firent citer Vieille
919 2636 3878 2841 à comparaître pardevant le Conseil de Prud’hommes du Département
