3072 4608
1447 2019 1900 2135 Audience
1639 2112 1800 2242 Du
760 2181 2856 2353 Vendredi huit Janvier mil huit en cinquante huit
756 2300 2826 2423 Siégeaient : Messieurs Larouette, vice président  du
748 2380 2668 2511 Conseil de Prud’hommes du Département de la Seine,
737 2492 2891 2638 Président d’audience en remplacement de Monsieur Biétry,
729 2588 2703 2722 président du dit conseil, empêché pour cause légitime
733 2672 2853 2841 Adolphe Michel, Marienval, Dubosc et Ancelin
737 2780 2887 2926 prud’hommes assistés de Monsieur Lecusq, secrétaire
737 2883 1267 3010 du dit conseil.
779 3002 2868 3217 Entre Monsieur Frédéric Auguste Albarède, demeurant
748 3164 2837 3313 à paris, rue notre dame de Nazareth, numéro trente cinq,
737 3252 2864 3421 agissant au nom et comme chargé de l’administration de la
729 3336 2914 3517 personne et des biens de sa fille mineure Hélène Albarède,
729 3452 2895 3624 ouvrière modiste ; Demandeur ; Comparant ; D’une
741 3548 2918 3728 part ; et Mademoiselle Desgranges, maitresse
725 3644 2891 3820 modiste, demeurant et domiciliée à Paris, rue Montorgueil,
714 3740 2849 3932 numéro quarante sept ; Défenderesse, défaillant.
718 3828 2845 4028 D’autre part ; Point de fait – Par lettres du secrétaire
729 3928 2899 4124 du Conseil de Prud’homme pour l’industrie du tissus, établi
737 4035 2895 4235 à Paris pour le Département de la Seine en date des mercredi
756 4147 2922 4373 seize et jeudi dix-neuf Décembre mil huit cent cinquante
