4608 3072
1162 53 3655 253 payer solidairement aux époux Viedenloecher la somme de cent cinquante
1149 163 3653 363 trois francs pour prix de travaux faits par la dame Viedenloecher pour
1149 279 3660 473 leur compte et sur leurs ordres ? Ou bien devait-on accorder aux défenderesses
1141 407 3668 578 termes et délais pour payer cette somme qu’elles reconnaissent devoir ?
1123 519 3665 701 Que devait-on statuer à l’égard des dépens ? Après avoir entendu les
1128 663 3678 803 parties en leurs demandes et conclusions respectivement et en avoir délibéré
1146 775 3415 911 conformément à la loi , attendu qu’il est constant et reconnu
1405 896 3688 1044 que la veuve Seurat et la demoiselle Seurat sont débitrices des époux
1159 1003 3688 1164 Viedenloecher de la somme de cent cinquante trois francs pour prix de travaux
1134 1126 3701 1280 de la dame Viedenloecher ; attendu que le conseil croit dans les pièces, pour
1131 1254 3706 1428 accorder termes et délais pour payer cette somme ; que d’ailleurs les époux Viedenloecher
1123 1382 3714 1525 consentent à leur accorder des facilités de paiement. Par ces motifs – Le Bureau
1144 1505 3729 1635 Général jugeant en dernier ressort – Condamner la veuve et la demoiselle
1123 1633 3727 1756 Seurat à payer solidairement et avec intérêts suivant la loi aux époux
1118 1745 3729 1884 Viedenloecher la somme de cent cinquante trois francs qu’elles leur
1111 1876 3735 2035 doivent pour prix de travaux faits pas la dame Viedenloecher pour leur
1103 2009 3740 2142 compte et d’après leurs ordres ; Dit que cette somme sera payée comme
1159 2109 3747 2283 suit : cinquante francs le cinq mars, cinquante francs le
1128 2247 3742 2408 cinquante avril et cinquante trois francs le cinq mai mil huit
1116 2370 3745 2544 cent cinquante huit ; Dit encore que faute par elles de satisfaire à l’un
1111 2531 3755 2675 de ces paiement aux jours cidessus fixés la somme entière deviendra exigible
1118 2667 1991 2800 de suite ; Condamne les
2562 2618 3758 2803 défenderesses aux dépens taxés et
