4608 3072
1320 1047 3640 1182 prix de travaux par elle faits pour son compte, d’après ses ordres et
1303 1157 3648 1282 dans ses ateliers, plus une indemnité pour le préjudice de perte de
1287 1254 3604 1384 temps qu’il lui a fait éprouver en ne comparaissant pas devant les
1295 1356 3640 1487 Bureaux du Conseil et les dépens. Point de droit - Devait-on donner
1308 1459 3665 1600 défaut contre Durand non comparant ni personne pour lui quoique dument
1303 1574 3660 1722 appelé et pour le profit adjuger à la demanderesse les conclusion par
1295 1674 3624 1817 elle précédemment prises ? Que devait-il être statué à l’égard des
1310 1786 3637 1917 dépens ? Après avoir entendu la demoiselle Bailly en ses demandes et
1310 1884 3658 2014 conclusions et en avoir délibéré conformément à la loi ; attendu que la
1318 1991 3663 2140 demande de la demoiselle Bailly est juste et fondée ; que
1295 2083 3696 2255 d’ailleurs elle n’est pas contestée par Durand non comparant ni
1277 2222 3694 2365 personne pour lui quoique dument appelé ; attendu qu’en ne se comparaissant
1282 2301 3645 2483 pas devant les Bureaux du Conseil Durand a causé à la demoiselle
1295 2421 3660 2613 Bailly un préjudice de perte de temps, ce qu’il doit réparer ; Par ces
1300 2539 3576 2698 motifs - Le Bureau Général jugeant en dernier ressort –
1320 2649 3724 2836 Donne défaut contre Durand non comparant ni personne pour
1313 2772 3660 2977 lui quoique dument appelé ; Et adjugeant le profit du dit défaut
