3072 4608
752 307 2757 456 Déclarer la demoiselle Leflesselle non recevable en ses demandes
729 407 2741 541 en paiement de la somme de quatre cent vingt huit francs et en
706 491 2718 618 indemnité ? Que doit il être statué à l'égard des dépens ? Après
748 583 2734 698 avoir entendu la demoiselle Leflesselle et la demoiselle
764 675 2753 810 Caron en leurs demandes et conclusions respectivement et en
752 760 2776 890 avoir délibéré Conformément à la loi ; attendu que Lequine ne comparait
737 860 2730 994 pas ni personne pour lui quoique dument appelé ; attendu qu'il
748 940 2753 1067 résulte de l'audition des parties à l'audience que des conventions
760 1036 2772 1171 verbales sont intervenues le huit avril mil huit cent cinquante sept
768 1132 2764 1255 entre la demoiselle Leflesselle, d'une part, et la demoiselle Caron et
768 1224 2791 1363 Lequine, ce dernier comme se portant fort du paiement du prix de
787 1309 2734 1440 l'apprentissage qui était fixé à la somme de soixante quinze
771 1401 2784 1543 francs parmis, y compris celle de quinze francs applicable au
771 1482 2784 1631 prix de l'instruction intelectuelle des mineures Ernestine et Zoé Caron ;
764 1582 2780 1716 qu'aux termes des dites Conventions verbales la durée de l'apprentissage
775 1674 2799 1812 était fixée à deux années ; Attendu qu'il est constant que la demoiselle
771 1766 2737 1896 Caron et Lequine ont retiré les deux apprenties après treize mois
771 1843 2753 1996 d'éxécution des dites conventions alors qu'ils restaient débiteurs de
791 1935 2749 2081 la demoiselle Leflesselle de la somme de Quatre Cent vingt
779 2027 2795 2184 huit francs ; Mais attendu qu'il est également Constant que
779 2119 2745 2284 pendant tout le temps que les mineures Caron sont restées
787 2215 2730 2376 chez la demoiselle Leflesselle ils n'y ont pas reçu les leçons
764 2307 2826 2465 qu'elle s'était engagée à leur donner ou faire donner d'une manière
791 2403 2791 2557 sérieuse et régulière, qu'il s'en suit que des quatre Cent vingt
791 2492 2799 2657 huit francs qui lui sont dus par les défenseurs il Convient
791 2580 2799 2749 d'en retrancher les treize Qinze francs qui devaient lui être
798 2680 2795 2856 payés pour cet objet, et ce à partir du jour de l'entrée des
802 2764 2791 2952 apprenties dans ses ateliers ; que surplus étant applicable au
802 2853 2764 3033 paiement de la nourriture doit lui être payer intégralement ;
802 2952 2776 3129 attendu que la demoiselle Leflesselle n'a pas rempli toutes les
806 3060 2830 3214 Conditions qui faisaient parties des conventions verbales d'apprentissage
787 3141 2822 3302 la demoiselle Caron et Lequine doivent autorisés à n'y pas donner
802 3233 2856 3394 suite sans qu'ils soient tenues, vis à vis de la demanderesse à aucune
802 3321 2845 3498 indemnité ; Par ces motifs — Le Bureau Général jugeant
817 3409 2833 3613 en premier ressort ;  Donne défaut contre Lequine non
791 3513 2845 3694 Comparant ni personne pour lui quoique dument appelé ;
810 3621 2864 3782 Et adjugeant le profit dudit défaut Condamne la demoiselle
844 3697 2807 3874 Caron et Lequine à payer avec intérêts suivant la loi à la
829 3786 2868 3982 demoiselle Leflesselle la somme de deux cent Trente Trois
817 3897 2864 4066 francs qu'ils lui redoivent pour la nourriture données au mineures
817 3974 2876 4204 Ernestine et Zoé Caron pendant l'espace de treize mois qu'elles
