3072 4608
1121 1689 1835 1823 Du dit jour huit Janvier
526 1747 2549 1927 Entre Mademoiselle Augustine Bourguignon, fabricante de
506 1862 2549 2023 fleurs artificielles, demeurant et domiciliée à Paris, rue
510 1962 2534 2100 neuve saint Denis, numéro vingt trois ; Demanderesse ;
506 2050 2438 2215 Comparant ; D’une part ; Et primo. Madame
522 2138 2492 2300 veuve Baucher, agissant au nom et comme
495 2238 2542 2411 l’administration de la personne et des biens de sa fille
491 2330 2507 2515 Augustine Baucher, apprentie, demeurant la dite dame
491 2426 2534 2607 à Paris, rue de Denain, numéro vingt deux ; secondo :
491 2515 2542 2714 Monsieur Lavoisier, demeurant à Paris, rue de Denain, numéro
495 2618 2522 2787 vingt deux agissant au nom et s’étant porté fort de la
476 2711 2530 2895 dame veuve Baucher ; tertio : Monsieur et Madame
499 2807 2526 2983 Eudeline, le dit sieur Eudeline tant en son nom  personnel que
464 2906 2522 3087 pour assister et autoriser la dame son épouse, fabricante de
456 2999 2538 3194 fleurs artificielles, demeurant et domiciliés, ensemble, à Paris,
472 3102 2545 3313 rue de Lafayette, numéro soixante cinq, appelés en responsable
460 3194 2522 3409 des dommages et intérêts comme ayant reçu l’apprentie en
464 3294 2492 3494 préjudice de la demoiselle Bourguignon ; Défenseurs ;
426 3386 2526 3594 Comparant ; D’autre part ; Point de droit -  Par lettre
456 3479 2542 3694 du secrétaire du Conseil de Prud’homme du Département
426 3575 2542 3767 de la Seine, pour l’industrie du tissus, en date du vingt novembre
445 3671 2534 3882 mil huit cent cinquante sept la demoiselle Bourguisnon fit
437 3767 2534 3978 citer la dame veuve Baucher, ès nom qu’elle agit à Comparaitre
430 3866 2499 4089 pardevant le dit Conseil séant en Bureau particulier le samedi
437 3966 2519 4181 vingt un novembre mil huit cent cinquante sept pour se concilier,
430 4055 2534 4323 si faire se pouvait sur la demande qu’elle entendait faire contre
564 288 2565 453 la soie qui sera employée pour la broderie et la somme de deux
526 395 2553 541 francs que la Brick a touchée par avance ; Condamné
564 483 2545 618 les époux Brick au dépens taxé et liquidés envers les demandeurs
549 572 2549 718 à la somme de cinq francs quarante deux centimes, et à celle deux
541 664 2561 817 francs envers le Trésor Public pour le papier timbré de la présente
549 756 2542 902 minute, le papier timbré et l’enregistrement de la citation conformément
541 848 2557 990 à  la loi du sept aout mil huit cent cinquante, ence, non compris
545 940 2549 1094 le cout du présent jugement, la signification d’icelui et ses suites. Ainsi
522 1036 1693 1213 jugé les jour, mois et and qui dessus.
