3072 4608
775 426 2638 564 mois. Citée à comparaître le dit jour quinze janvier pas exploit de Fontaine,
779 510 2630 652 huissier,à Paris, en date du onze janvier mil huit cent cinquante huit, visé
764 591 2630 725 pour timbre et enregistré à Paris le douze janvier mil huit cent cinquante
783 672 2568 817 huit, en délier de soixante dix centimes, folio trente six, case cinq,
783 760 2622 898 signé : L. DRERON la veuve Lorther ne comparut pas. A l’appel
783 848 2630 975 de la cause les époux Monnier se présentèrent et conclurent à ce qu’il
760 929 2630 1063 plut au Bureau Général du Conseil donner défaut contre la veuve
760 1017 2645 1155 Lorther non comparante ni personne pour elle quoique dument appelée et
768 1113 2645 1232 pour le profit la condamner à leur payer avec intérêts suivant la loi
779 1201 2626 1313 la somme de douze francs qu’elle leur doit pour prix de travaux faits
744 1271 2638 1405 par la dame Monnier pour son compte et d’après ses ordres, plus
768 1359 2645 1489 une indemnité pour le préjudice de perte de temps qu’elle leur a fait
752 1451 2638 1574 éprouver en ne comparaissant pas devant le Bureau du Conseil et
752 1532 2634 1655 les dépens. Point de droit – Devait-on donner défaut contre la
748 1624 2634 1747 veuve Lorther non comparante ni personne pour elle quoique dument
752 1712 2638 1827 appelée pour le profit adjuger aux demandeurs les conclusions
756 1800 2618 1919 par eux précédemment prises ? Que devait-on statuer à l’égard des
725 1885 2634 2015 dépens ? Après avoir entendu les époux Monnier en leurs demandes et
718 1977 2630 2092 conclusions et en avoir délibéré conformément à la loi. Attendu que
737 2065 2638 2196 la demande des époux Monnier paraît juste et fondée ; que d’ailleurs
737 2154 2630 2292 elle n’est pas contestées par la veuve Lorther non comparante ni personne pour
733 2238 2638 2392 elle quoique dument appelée ; attendu qu’en ne comparaissant pas devant
748 2327 2634 2476 les Bureaux du Conseil la veuve Lorther a causé aux époux Monnier
725 2415 2626 2565 un préjudice de perte de temps, ce qu’elle doit réparer ; Par ce motif –
741 2499 2634 2641 Le Bureau Général jugeant en dernier ressort ; Donne défaut contre
748 2588 2641 2718 la veuve Lorther non comparante ni personne pour elle quoique dument
744 2676 2630 2830 appelée ; et adjugeant le profit du dit défaut ; Condamne la veuve
741 2760 2634 2929 Lorther à payer avec intérêt suivant la loi aux époux Monnier la
721 2853 2641 3033 somme de douze francs qu’elle leur doit pour prix de travaux faits par la dame
729 2949 2634 3118 Monnier pour son compte et d’après ses ordres, plus une indemnité de six
721 3045 2641 3214 francs pour temps perdu ; La condamner en outre aux dépens taxés et liquidés
710 3125 2653 3302 envers les demandeurs à la somme de deux francs quarante six centimes, et a celle de
725 3217 2645 3398 un franc quarante cinq centimes envers le Trésor Public pour le papier timbré de la présente minute,
706 3306 2653 3486 le papier timbré et l’enregistrement de la citation,
675 3390 2641 3590 conformément à la loi du sept aout mil huit cent cinquante, ence, non compris le
691 3486 2653 3686 cout du présent jugement, la signification d’icelui et ses suites. Et vu les articles 435 du
702 3575 2641 3786 code de procédure civile, 27 et 42 du décret du douze juin 1809 pour signifier à la défenderesse
679 3655 2519 3886 le présent jugement, commet Fontaine, l’un de ses huissiers audiencier. Ainsi jugé le
698 3751 1336 3916 jour, mois et an que dessus.
