4608 3072
1185 276 3683 455 en outre Fortin à donner la soupep à ll'apprenti vers les huit ou neuf
1182 396 3665 537 heures du matin et à lui donner un repas de plus dans la jouréne.
1169 491 3688 657 Il fut d'avis que pour le cas ou Clavière ne fesait pas rentrer son
1169 599 3691 762 fils de suite chez fortin il serait renu de lui payer la somme
1159 698 3648 872 de Cinquante francs à titre d'indemnité. Les propositions
1185 814 3681 985 de conciliation n'ayant aps été executées par Clavière, Fortin
1162 926 3691 1095 le fit de nouveau appeler devant leBureau particulier séant
1175 1052 3683 1213 le mercredi treize janvier mil huit cent cinquante huit
1175 1164 3701 1326 Clavière n'ayant pas comparu la cause fut renvoyée devant
1177 1269 3696 1443 le Bureau Général du dit Conseil séant le vendredi quinze
1152 1390 3709 1556 janvier mil huit cent cinquante huit. Cité pour le dit jour
1159 1495 3724 1694 quinze janvier Clavière ne comparut pas. A l'appel de la cause
1146 1643 3763 1797 Fortin se présenta et conclut à ce qu'il plut au bureau Général du
1175 1756 3742 1917 dit conseil donner défaut contre clavière ès nom qu'il agit, non
1154 1871 3742 2040 comparant ni personne pour lui quoique dument appelé et pour le profit
1169 1991 3752 2152 Dire et ordonner que dans le jour du jugement à intervenur Clavière
1157 2109 3786 2280 sera tenu de faire rentrer son fils dans ses ateliers pour y continuer son
1157 2229 3770 2419 apprentissage, sinon faute par lui de ce faire dans le dit jour et icelui
1152 2350 3781 2542 passé le condamner dès à présent à lui payer avec intérêts suivant la
1131 2462 3763 2662 loi la somme de cinquante francs à titre d'indemnité du préjudice
1144 2588 3865 2785 que lui cause la rupture de l'apprentissage, et le condamner en outre aux
1144 2731 3773 2910 dépens. Point de droit - Devait-on donner défaut contre Clavière
1121 2846 3752 3013 non comparant ni personne pour lui quoique dument appelé et
