4608 3072
1182 591 3688 742 elle n’est pas contestée par la veuve Ducoudin non comparante ni
1159 683 3688 849 personne pour elle quoique dument appelée ; Par ces motifs - Le
1177 806 3696 962 Bureau Général jugeant en dernier ressort ; Donne défaut contre
1195 931 3691 1085 la veuve Ducoudin non comparante n personne pour elle quoique
1190 1031 3712 1208 dument appelée ; Et adjugeant le profit du dit défaut condamner
1175 1157 3709 1313 la veuve Ducoudin à à payer avec intérêts suivant la loi à Parrisot
1162 1277 3724 1443 la somme de vingt quatre francs à titre d’indemnité du préjudice
1144 1382 3729 1561 qu’elle lui a causé en le congédiant instantanément, sans motif, en dehors
1180 1523 3745 1671 de l’usage et de l’équité qui veulent que les fabricants comme ceux qu’ils emploient
1185 1630 3745 1792 se préviennent réciproquement quelque temps à l’avance avant de se quitter ; La
1162 1758 3750 1920 condamne en outre aux dépens taxé et liquidé en vers le demandeur à la somme
1192 1886 3735 2032 de deux francs quarante six centimes et à celle de un franc quartent cinq centimes
1167 2007 3747 2170 le Trésor Public pour le papier timbré de la présente minute, le papier timbré
1157 2132 3747 2296 et l’enregistrement de la citation, conformément à la loi du sept aout mil
1149 2237 3752 2416 huit cent cinquante, ence, non compris le cout du présent jugement, la
1139 2352 3765 2539 signification d’celui et ses suites. Et vu les articles 435 du code de procédure civile, 27
1159 2503 3776 2659 et 42 du décret du onze juin 1809 pour signifier à la défenderesse le présent jugement, commet Fontaine,
1139 2647 3123 2798 l’un de ses huissiers audienciers. Ainsi jugé les jour, mois et an que dessus.
