4608 3072
1256 762 3440 906 la cause fut conciliée. Vieille n’ayant pas fait rentrer sa fille
1241 870 3456 1018 aux terme de la conciliation les époux Didier le firent de nouveau appeler
1262 977 3445 1111 à comparaître pardevant les Bureaux Particuliers du Conseil des
1233 1093 3476 1226 Mardi huit et Mercredi vingt trois Décembre mil huit cent cinquante
1259 1195 3448 1328 huit. Au Bureau Particulier du vingt trois Décembre Viéville
1259 1315 3484 1448 se présenta et déclara au Conseil qu’il se refusait à replacer sa fille
1246 1425 3476 1546 chez les époux Didier parce qu’il recevaient chez eux des femmes dont
1233 1512 3486 1651 le langage et la conduite l’autorisaient à regarder leur maison comme
1223 1640 3479 1763 immorale et dangereuse pour une jeune personne. Le Bureau Particulier
1244 1748 3479 1879 confirmant l’avis précédent donné par le Bureau Particulier du treize
1228 1850 3494 1981 novembre dernier engagea Viéville à faire rentrer sa fille. Vieille
1226 1971 3486 2096 ayant refusé formellement de faire rentrer sa fille la cause fut
1195 2099 3486 2199 renvoyé devant le Bureau Général du dit Conseil séant le Jeudi
1200 2196 3486 2327 vingt quatre Décembre mil huit cent cinquante  sept et ajourné
1218 2314 3499 2432 de huitaine en huitaine au vendredi vingt neuf janvier mil huit cent cinquante
1231 2411 3509 2547 huit mil huit cent cinquante huit. Cité à comparaitre le dit jour vingt neuf
1223 2521 3502 2680 janvier par exploit de Fontaine, huissier à Paris, en date du vingt
1233 2644 3496 2785 sept janvier mil huit cent cinquante huit, cités pour timbre et
1231 2752 3509 2887 enregistré à Paris, le vit huit janvier mil huit cent cinquante huit
1210 2864 3496 3033 en délié de un franc vingt cinq centimes, folio cinquante six, case
