4608 3072
1356 130 3829 281 six, signés : L. Drevon, Vieille ne comparut pas. A l’appel
1372 238 3809 363 de la cause les époux Didier se présentèrent et conclurent à ce qu’il
1351 350 3822 463 plut au Bureau Général du dit Conseil donner défaut contre Vieille,
1379 468 3834 601 ès nom qu’il agit, non comparant ni personne pour lui quoique
1384 560 3852 704 dument appelé ; Et pour le profit attendu qu’il avait placé sa fille en
1397 693 3847 824 apprentissage chez eux pour trois années à partir du premier septembre
1367 798 3816 924 mil huit cent cinquante sept ; que depuis quelque temps, sans motifs
1367 908 3857 1034 plausible, Viéville à retiré sa fille et que malgré les nombreuses démarches
1364 1006 3783 1172 qu’ils ont faites ils n’ont pu parvenir à la faire réintégrer chez eux ;
1364 1131 3824 1287 Par ces motifs - Dire et ordonner que Viévillesera tenu de, dans
1402 1249 3840 1367 le jour du jugement à intervenir, faire rentrer sa fille dans leurs
1387 1364 3883 1512 ateliers pour u continuer son apprentissage, sinon résilier purement
1390 1479 3852 1625 et simplement la convention verbale d’apprentissage dont s’agit
1369 1582 3898 1735 et le condamner à leur payer avec intérêts suivant la loi la somme
1384 1687 3909 1853 de cinquante francs à titre de dommages-intérêts et le condamner
1395 1822 3840 1976 aux dépens ; Dire en outre que le jugement à intervenir sera
1387 1937 3883 2096 exécuté par provision, nonobstant appel et sans qu’il
1369 2035 3901 2204 soit besoin par eux de fournir caution, conformément à la loi du
1369 2147 3886 2321 premier juin mil huit cent cinquante trois. Point de droit –
1405 2291 3929 2434 Devait-on donner défaut contre Vieille non comparant ni personne
1377 2406 3901 2570 pour lui quoique dument appelé et pour le profit adjuger aux demandeurs
1413 2526 3911 2670 les conclusions par eux précédemment prises ? Que devait-il être
1395 2611 3929 2805 statué à l’égard des dépens ? Après avoir entendu les époux Didier
1405 2767 3891 2928 en leurs demandes et conclusions et en avoir délibéré conformément
1469 2877 3873 3028 à la loi ; attendu que la demande des époux Didier est juste et
