4608 3072
1146 568 3545 716 moins continué à le faire comme par le passé ; Par ces motifs –
1144 678 3553 837 Résilier les conventions verbales d’apprentissage du premier juillet mil huit
1121 778 3571 931 cent cinquante sept et condamner Bonnefoy aux dépens. De son
1121 898 3568 1047 coté Bonnefoy se présent et conclut à ce qu’il plus au Bureau Général
1139 995 3576 1162 du dit Conseil attendu que depuis le douze décembre dernier, jour de la conciliation
1131 1103 3576 1277 il n’a ordonné à l’apprenti de porter ni traîner aucun fardeau, que
1136 1216 3591 1392 si l’apprenti s’est livré à ce travail il n’a consulté que sa volonté ; Par
1139 1349 3586 1502 ces motifs - Dire et ordonner que dans le jour du jugement à
1144 1446 3609 1625 intervenir le mineur Joseph Bonnefoy sera tenu de rentrer dans son
1141 1566 3609 1733 atelier pour y continuer son apprentissage, sinon et faute par lui de
1128 1669 3614 1856 ce faire et de sa mère de l’y contraindre condamner dès à présent la
1139 1797 3614 1968 veuve Reymont à lui payer avec intérêts suivant la loi la somme de
1157 1907 3614 2101 cent francs à titre de dommages-intérêts et la condamner en outre aux
1157 2032 3632 2222 dépens. Point de droit - Devait-on résilier purement et simplement
1164 2155 3648 2334 les conventions verbales d’apprentissage intervenues entre la veuve
1134 2275 3648 2462 Reymont et Bonnefoy le premier juillet mil huit cent cinquante
1136 2380 3676 2598 sept ? Ou bien devait-on conformément aux conclusion de Bonnefoy
1159 2498 3650 2713 ordonner que l’apprenti rentrerait chez ce dernier pour y continuer
1139 2608 3683 2828 son apprentissage, sinon et faute par la dame veuve Reymond de l’y
1139 2741 3688 2946 contraindre la condamner à payer à Bonnefoy la somme de cent francs
