3072 4608
783 537 2768 725 Conseil donner défaut contre Lain non comparant ni personne
764 656 2780 825 pour lui quoique dument appelé ; Et pour le profit le condamner
775 741 2760 910 à lui payer avec intérêts suivant la loi la somme de Cinquante
768 821 2768 1006 huit francs qu'il lui doit pour prix de travaux faits par sa fille pour
760 906 2757 1079 son compte et d'après ses ordres et le condamner en outre aux dépens.
787 998 2764 1182 Point de droit — Doit on donner défaut contre Lair non comparant
768 1094 2707 1251 ni personne pour lui régulièrement quoique dument appelé et
779 1178 2760 1363 pour le profit adjuger au demandeur les conclusions par lui précèdemment
771 1263 2734 1443 prises ? Que doit-il être statué à l'égard des dépens ? Après avoir
771 1355 2784 1532 entendu Genedor en ses demandes et conclusions et en avoir délibéré
798 1451 2784 1620 Conformément à la loi ; attendu que la demande de Lair parait
771 1543 2780 1701 juste et fondée ; que d'ailleurs elle n'est pas contestée par Lair non
764 1639 2714 1785 comparant ni personne pour lui régulièrement quoique dument
779 1724 2757 1896 appelé ; Par ces motifs — Le Bureau Général jugeant en
775 1820 2749 1966 dernier ressort Donne défaut contre Lair non comparant
760 1904 2741 2062 ni personne pour lui quoique dument appelé régulièrement
764 1996 2791 2173 quoique dument appelé ; Et adjugeant le profit du dit défaut
768 2088 2787 2254 condamne Lair à payer avec intérêts suivant la loi à Génedor
764 2188 2760 2327 et noms et qualités qu'il agit, la somme de Cinquante huit francs qu'il
756 2280 2772 2446 lui doit pour prix de travaux faits par la mineure Anna Genedor,
756 2369 2753 2542 sa fille pour son compte et d'après ses ordres ; Le Condamne
760 2469 2780 2622 en outre aux dépens taxés et liquidés envers le demandeur à la
768 2557 2784 2714 somme de quatre vingts centimes, et à celle de soixante quinze
737 2653 2784 2818 centimes envers le Trésor Public pour le papier timbré de la présente
729 2749 2799 2926 minute, conformément à la loi du sept août mil huit cent cinquante
756 2853 2776 3002 ence, non compris le cout du présent jugement, la signification
764 2933 2749 3114 d'icelui et ses suites. Et vu les articles 435 de procédure civile, 27
744 3033 2764 3183 et 42 du décret du onze Juin mil huit cent neuf pour signifier
756 3118 2764 3302 au défendeur le présent jugement, commet Potin, l'un de
737 3210 2772 3406 ses huissiers audiencier. Ainsi jugé les jour mois et an que
764 3310 2507 3536 dessus. Ainsi jugé les jour mois et an que dessus.
