4608 3072
1472 335 3614 468 Général du dit Conseil séant le vendredi vingt deux Janvier mil huit
1428 424 3601 560 cent cinquante huit. Cités pour le dit jour vingt deux Janvier, les
1441 532 3607 652 époux Germain ne comparurent pas. A l’appel de la cause la Demoiselle
1428 637 3604 757 Maitre, ès nom qu’elle agit, se présenta et conclut à ce qu’il plut au
1448 729 3604 849 Bureau Général dudit Conseil autoriser la dame Germain à entrer
1436 821 3614 954 en justice faute par son mari de l’avoir fait ; Donner défaut contre
1423 931 3624 1064 les époux Germain non comparants ni personne pour eux quoique
1438 1026 3619 1159 dument appelés et pour le profit résilier la convention verbale
1436 1136 3632 1272 d’apprentissage consentie le premier octobre mil huit cent cinquante
1456 1236 3640 1372 six pour la mineure Margueritte Maitre sa fille et pour le
1443 1341 3624 1469 tort que lui causse cette résiliation condamner les époux Germains à
1415 1441 3653 1564 lui payer avec intérêts suivant la loi la somme de trente francs à titre
1433 1538 3645 1676 d’indemnité et les condamner aux dépens. Point de droit - Devait-on
1456 1658 3658 1797 donner défaut contre les époux Germain non comparant ni
1423 1753 3648 1896 personne pour eux quoique dument appelés et pour
1433 1848 3655 2017 le profit juger à la demanderesse les conclusions par elle précédemment
1418 1978 3663 2119 prises ? Que devait-il être statué à l’égard des dépens ? Après avoir
1448 2065 3660 2224 entendu la demoiselle Maitre en ses demandes et conclusions et en
1436 2170 3668 2332 avoir délibéré conformément à la loi attendu que la demande de la
1420 2278 3678 2447 demoiselle Maitre est juste et fondée ; que d’ailleurs  elle n’est pas
1425 2393 3688 2562 contestée par les époux Germain non comparants ni personne pour eux
1436 2490 3683 2664 régulièrement quoique dument appelés. Par ces
1436 2613 3671 2777 motifs - Le Bureau Général qui agit en premier ressort
1472 2700 3676 2877 autorise la dame Germain à entre en justice faute par son mari de l’avoir
1456 2810 3683 2997 fait ; Donne défaut contre les époux Germain non comparants ni
