<?xml version="1.0" encoding="UTF-8"  standalone="yes"?>
<PcGts xmlns="http://schema.primaresearch.org/PAGE/gts/pagecontent/2019-07-15" xmlns:xsi="http://www.w3.org/2001/XMLSchema-instance" xsi:schemaLocation="http://schema.primaresearch.org/PAGE/gts/pagecontent/2019-07-15 http://schema.primaresearch.org/PAGE/gts/pagecontent/2019-07-15/pagecontent.xsd">
  <Metadata>
	<Creator>escriptorium</Creator>
	<Created>2024-01-18T17:35:48.859467+00:00</Created>
        <LastChange>2024-01-18T17:35:48.859483+00:00</LastChange>

  </Metadata>
  <Page imageFilename="PH 1858-79.jpg" imageWidth="4608" imageHeight="3072">

    

    
    <TextRegion id="eSc_dummyblock_">
    
    
      <TextLine id="r4l2" >
        <Coords points="2083,296 2885,332 2890,307 2892,197 2728,174 2726,174 2723,174 2721,174 2711,184 2664,220 2567,204 2565,204 2562,204 2496,222 2419,222 2398,204 2396,204 2393,204 2391,204 2388,204 2385,204 2368,217 2275,215 2196,148 2193,148 2191,148 2091,143 2086,268 2083,296"/>
        <Baseline points="2088,270 2128,272 2168,273 2208,275 2248,277 2289,280 2329,282 2369,284 2409,287 2449,289 2490,293 2530,295 2570,297 2610,300 2650,302 2691,304 2731,306 2771,307 2811,308 2851,308 2892,308"/>
        <TextEquiv>
          <Unicode>Du dit jour cinq Février</Unicode>
        </TextEquiv>
      </TextLine>

    
    
      <TextLine id="r4l3" >
        <Coords points="2557,296 2531,296 2526,294 2511,304 2478,317 2442,299 2432,294 2429,294 2426,294 2424,294 2411,296 2355,312 2314,291 2311,291 2309,291 2306,291 2304,291 2280,307 2245,286 2240,281 2237,281 2234,281 2232,281 2201,284 2040,296 1986,268 1976,263 1973,263 1971,263 1927,266 1809,271 1774,258 1771,258 1768,258 1766,258 1730,273 1710,253 1710,250 1707,250 1704,250 1612,245 1610,322 1607,348 1751,350 1756,355 1776,373 1776,376 1779,376 1781,376 1784,376 1848,363 2050,371 2142,373 2142,376 2163,391 2163,394 2165,394 2168,394 2170,394 2173,394 2232,378 2237,378 2245,381 2304,401 2306,401 2309,401 2311,401 2342,389 2552,414 2554,414 2713,409 2754,422 2757,422 2759,422 2762,422 2808,409 2920,432 2923,432 3005,417 3013,417 3448,437 3450,412 3448,366 3363,358 3338,335 3338,332 3335,332 3333,332 3330,332 3328,332 3292,353 3251,353 3153,353 3143,345 3110,320 3107,320 3105,320 3102,320 3100,320 3061,330 2984,312 2982,312 2979,312 2913,330 2877,337 2805,322 2728,307 2726,307 2680,314 2618,325 2583,307 2557,296 2557,296"/>
        <Baseline points="1611,324 1703,332 1795,340 1887,347 1979,353 2071,359 2163,366 2255,371 2347,375 2439,380 2532,385 2624,389 2716,392 2808,395 2900,398 2992,401 3084,404 3176,406 3268,408 3360,410 3453,413"/>
        <TextEquiv>
          <Unicode>Entre Monsieur Jules Crocher, ouvrier, demeurant à </Unicode>
        </TextEquiv>
      </TextLine>

    
    
      <TextLine id="r4l4" >
        <Coords points="2385,376 2383,376 2268,378 2265,381 2263,381 2260,381 2234,399 2147,371 2119,363 2117,363 2114,363 2112,363 2099,368 2060,391 1989,391 1935,384 1902,355 1899,353 1896,353 1894,353 1891,353 1889,353 1881,355 1827,373 1774,348 1768,345 1766,345 1597,337 1594,409 1592,437 2782,504 2785,504 2813,501 2856,496 2915,506 2949,512 2951,512 2977,509 3048,501 3166,519 3189,522 3192,522 3225,522 3427,519 3535,537 3540,501 3540,463 3371,455 3366,450 3330,419 3328,419 3325,419 3202,414 3200,414 3197,414 3156,432 3056,407 3054,407 3051,407 3048,407 2979,424 2964,430 2938,422 2895,409 2892,409 2890,409 2887,409 2856,417 2846,419 2831,417 2795,407 2792,407 2790,407 2787,407 2772,412 2741,424 2682,409 2680,409 2677,409 2577,417 2498,414 2432,391 2388,376 2385,376"/>
        <Baseline points="1596,411 1693,420 1790,427 1888,435 1985,443 2082,449 2180,455 2277,459 2374,464 2472,469 2569,473 2666,477 2764,480 2861,483 2958,486 3056,489 3153,492 3250,495 3348,497 3445,500 3543,503"/>
        <TextEquiv>
          <Unicode>Clichy la garenne près Paris, rue des Batignolles projetée, numéro </Unicode>
        </TextEquiv>
      </TextLine>

    
    
      <TextLine id="r4l5" >
        <Coords points="2229,458 2211,455 2122,465 2024,473 1927,471 1899,453 1884,440 1881,440 1879,440 1812,432 1809,432 1589,432 1589,501 1587,524 1971,555 1973,555 1976,555 1989,550 2004,545 2024,552 2091,576 2094,576 2096,576 2181,560 2204,558 2219,563 2268,586 2270,586 2273,586 2275,586 2278,586 2296,573 2432,593 2434,593 2511,581 2534,578 2544,583 2572,599 2575,599 2695,606 2698,606 2700,606 2731,593 2746,588 2767,596 2800,611 2803,611 2805,611 2851,601 2905,591 2987,591 3005,611 3008,611 3008,614 3010,614 3013,614 3015,614 3018,614 3025,611 3064,599 3138,614 3141,614 3243,606 3276,622 3279,622 3281,622 3284,622 3335,609 3543,642 3548,596 3548,547 3351,540 3343,535 3299,504 3297,504 3294,504 3292,504 3289,504 3230,522 3192,499 3189,499 3187,499 3023,491 3020,491 2941,509 2828,483 2826,483 2823,483 2821,483 2792,504 2782,509 2716,509 2644,494 2542,476 2539,476 2490,486 2449,494 2355,478 2337,476 2334,476 2332,476 2329,476 2301,486 2288,473 2273,460 2270,460 2268,460 2245,458 2229,458"/>
        <Baseline points="1590,504 1693,511 1796,518 1899,525 2002,531 2105,537 2208,543 2311,549 2414,554 2517,558 2621,563 2724,567 2827,571 2930,576 3033,579 3136,583 3239,587 3342,590 3445,594 3549,597"/>
        <TextEquiv>
          <Unicode>sept ; Demandeur ; Comparant ; D’une part ; Et monsieur Brision, </Unicode>
        </TextEquiv>
      </TextLine>

    
    
      <TextLine id="r4l6" >
        <Coords points="1548,599 1546,629 3527,706 3532,678 3532,634 3453,609 3450,609 3448,609 3445,609 3443,609 3420,624 3384,601 3381,601 3379,601 3376,601 3374,601 3371,601 3340,622 3136,591 3133,591 2951,611 2862,596 2859,596 2856,596 2821,606 2754,578 2752,578 2749,578 2629,599 2565,568 2562,568 2560,568 2557,568 2472,591 2383,591 2370,591 2370,588 2306,558 2304,558 2301,558 2181,565 2053,547 2050,547 2048,547 1986,570 1925,547 1922,547 1920,547 1740,563 1671,532 1669,532 1666,532 1664,532 1602,558 1548,558 1548,599"/>
        <Baseline points="1551,600 1650,606 1749,611 1848,617 1947,623 2046,627 2145,632 2245,638 2344,642 2443,647 2542,651 2641,656 2740,659 2839,662 2939,666 3038,669 3137,671 3236,674 3335,676 3434,678 3534,680"/>
        <TextEquiv>
          <Unicode>apprêteur sur Etoffes, demeurant et domicilié à Batignolles près Paris, </Unicode>
        </TextEquiv>
      </TextLine>

    
    
      <TextLine id="r4l7" >
        <Coords points="3284,675 3274,675 3248,675 3230,673 3205,673 3197,673 3171,673 3146,673 3120,670 3095,670 3069,670 3043,670 3033,668 3031,670 2967,696 2895,665 2890,665 2864,663 2839,663 2833,660 2823,663 2821,663 2818,663 2780,688 2752,665 2749,665 2746,665 2744,665 2657,668 2641,655 2634,655 2631,655 2629,655 2585,680 2352,675 2324,652 2321,652 2319,652 2316,652 2245,668 2081,665 2012,629 2009,629 2007,629 2004,629 2001,629 1999,629 1981,640 1953,627 1943,624 1940,624 1937,624 1922,627 1807,652 1728,619 1722,616 1720,616 1584,614 1584,691 1584,721 1907,721 1920,732 1927,737 1927,739 1930,739 1932,739 1935,739 2009,734 2114,729 2132,739 2147,747 2150,747 2152,750 2452,750 2531,750 2534,750 2544,760 2544,762 2547,762 2549,762 2552,762 2595,752 2600,752 2603,752 2621,765 2624,765 2626,765 3020,780 3023,780 3120,770 3153,785 3156,785 3159,785 3484,780 3504,796 3507,796 3509,796 3512,796 3514,796 3563,780 3566,765 3563,693 3520,701 3453,688 3425,683 3422,683 3420,683 3409,686 3363,704 3304,683 3287,675 3284,675"/>
        <Baseline points="1587,692 1686,696 1785,702 1884,708 1983,713 2082,717 2181,722 2280,728 2379,731 2478,735 2577,739 2676,744 2775,747 2874,750 2973,753 3072,757 3171,759 3270,762 3369,764 3468,765 3567,767"/>
        <TextEquiv>
          <Unicode>Cité des fleurs numéro trente neuf ; Défendeur ; Défaillant ; D’autre </Unicode>
        </TextEquiv>
      </TextLine>

    
    
      <TextLine id="r4l8" >
        <Coords points="1564,785 1561,819 1774,814 1958,821 1973,834 1973,837 1976,837 1978,837 1981,837 2012,837 2170,826 2342,847 2403,852 2406,852 2460,849 2536,844 2565,852 2583,857 2585,857 2588,857 2590,857 2593,857 2598,852 2613,842 2626,855 2631,857 2631,860 2634,860 2636,860 2639,860 2703,857 2782,852 2938,862 3097,875 3100,875 3192,870 3312,865 3550,880 3555,852 3553,803 3325,765 3322,765 3192,788 3176,791 3164,788 3082,762 3079,762 3077,762 3074,762 3025,783 3018,785 2915,783 2910,778 2869,760 2867,760 2864,760 2862,760 2826,775 2775,747 2772,747 2690,747 2688,747 2685,747 2644,768 2634,773 2539,770 2529,765 2475,737 2472,737 2470,737 2360,757 2332,762 2316,757 2301,750 2298,750 2296,750 2293,750 2278,755 2265,760 2257,755 2237,739 2234,739 2232,739 2229,739 2227,739 2196,752 2183,757 2176,752 2145,727 2142,727 2140,727 2096,724 2027,724 2024,724 2022,724 2019,724 1989,744 1981,750 1971,744 1922,719 1920,719 1779,714 1776,714 1774,714 1728,734 1715,742 1658,742 1648,732 1633,719 1633,716 1630,716 1628,716 1625,716 1564,727 1564,785"/>
        <Baseline points="1566,788 1665,791 1765,795 1864,798 1964,803 2064,806 2163,811 2263,815 2362,819 2462,823 2562,827 2661,831 2761,835 2860,839 2960,842 3060,845 3159,848 3259,849 3358,852 3458,854 3558,854"/>
        <TextEquiv>
          <Unicode>part ; Point de fait - Par lettre du secrétaire du Conseil de Prud’hommes </Unicode>
        </TextEquiv>
      </TextLine>

    
    
      <TextLine id="r4l9" >
        <Coords points="1571,880 1574,913 1592,901 1674,913 1676,913 1822,906 1989,921 2088,931 2091,931 2094,931 2122,924 2158,916 2201,926 2257,942 2260,942 2263,942 2383,931 2385,931 2403,944 2406,944 2408,944 2411,944 2677,939 2718,954 2721,954 2723,954 2946,947 3146,965 3148,965 3274,949 3287,949 3299,949 3389,965 3392,965 3550,954 3553,939 3553,883 3507,862 3504,862 3502,862 3499,862 3448,875 3333,870 3330,870 3328,870 3325,870 3315,878 3307,883 3189,875 3002,862 3000,862 2926,867 2890,870 2872,867 2790,844 2787,844 2785,844 2711,862 2695,865 2677,860 2577,834 2575,834 2572,834 2439,847 2344,826 2342,826 2339,826 2301,842 2263,824 2260,824 2183,824 2181,824 2178,824 2132,847 2127,847 2117,844 1978,816 1843,816 1840,816 1838,816 1835,816 1807,834 1748,808 1745,808 1743,808 1571,829 1571,880"/>
        <Baseline points="1572,881 1671,884 1770,887 1869,891 1968,895 2067,898 2166,902 2266,906 2365,911 2464,914 2563,918 2662,921 2761,925 2860,928 2960,931 3059,933 3158,936 3257,938 3356,939 3455,941 3555,941"/>
        <TextEquiv>
          <Unicode>du Département de la Seine pour l’industrie des tissus en date des lundi </Unicode>
        </TextEquiv>
      </TextLine>

    
    
      <TextLine id="r4l10" >
        <Coords points="1579,967 1576,985 1822,1008 1825,1008 1876,998 1879,998 2137,1018 3558,1054 3563,1031 3563,967 3443,952 3440,952 3438,952 3417,962 3376,980 3338,962 3335,962 3333,962 3330,962 3294,977 3256,962 3253,962 3251,962 3179,975 3095,952 3077,947 3074,947 3072,947 3069,947 3054,949 2987,967 2869,967 2805,942 2772,931 2769,931 2767,931 2716,939 2621,957 2475,931 2462,931 2460,931 2457,931 2455,931 2411,949 2247,947 2222,924 2214,916 2211,916 2209,916 2145,908 2142,908 2140,908 2109,921 2071,936 2014,919 2012,919 2009,919 2007,919 1948,931 1930,916 1912,901 1909,901 1907,901 1904,901 1579,903 1579,967"/>
        <Baseline points="1580,968 1679,974 1778,980 1877,984 1976,989 2076,993 2175,997 2274,1001 2373,1005 2472,1008 2572,1011 2671,1014 2770,1017 2869,1020 2968,1022 3068,1025 3167,1026 3266,1029 3365,1031 3464,1032 3564,1034"/>
        <TextEquiv>
          <Unicode>vingt cinq et Mardi vingt six Janvier mil huit cent cinquante huit Crocher </Unicode>
        </TextEquiv>
      </TextLine>

    
    
      <TextLine id="r4l11" >
        <Coords points="3573,1077 3502,1075 3499,1072 3456,1052 3453,1052 3450,1052 3376,1067 3361,1070 3348,1064 3284,1039 3281,1039 3279,1039 3087,1049 2977,1029 2974,1029 2972,1029 2969,1029 2944,1047 2941,1047 2908,1036 2905,1036 2903,1036 2900,1036 2880,1044 2854,1052 2826,1041 2785,1024 2782,1024 2780,1024 2777,1024 2731,1036 2693,1047 2583,1029 2526,1021 2524,1021 2521,1021 2503,1026 2465,1036 2449,1024 2437,1011 2434,1011 2432,1011 2362,1008 2360,1008 2314,1016 2265,1026 2206,1011 2183,1006 2181,1006 2178,1006 2176,1006 2173,1006 2168,1011 2142,1029 2012,1026 1960,1006 1958,1006 1955,1006 1953,1006 1907,1021 1838,993 1827,990 1825,990 1822,990 1804,993 1679,1013 1584,983 1582,1059 1582,1090 1807,1090 1822,1100 1832,1108 1835,1108 1838,1108 1840,1108 1843,1108 1845,1108 1853,1100 1871,1093 2094,1098 2152,1113 2193,1121 2196,1121 2270,1116 2380,1111 2452,1123 2483,1128 2485,1128 2488,1128 2496,1126 2519,1116 2588,1128 2606,1131 2608,1131 2626,1131 2726,1121 2782,1136 2803,1141 2805,1141 2808,1141 2810,1141 2826,1139 2867,1126 2892,1141 2900,1144 2903,1144 2905,1144 2908,1144 2915,1141 2951,1126 3048,1141 3051,1141 3189,1134 3210,1146 3212,1146 3215,1146 3217,1146 3491,1141 3566,1164 3573,1126 3573,1077"/>
        <Baseline points="1583,1062 1682,1067 1782,1073 1881,1077 1981,1082 2081,1086 2180,1089 2280,1092 2380,1095 2479,1098 2579,1101 2679,1103 2778,1105 2878,1107 2978,1109 3077,1112 3177,1114 3277,1118 3376,1120 3476,1124 3576,1127"/>
        <TextEquiv>
          <Unicode>fit citer Brission à Comparaitre par devant le dit Conseil séant en Bureaux </Unicode>
        </TextEquiv>
      </TextLine>

    
    
      <TextLine id="r4l12" >
        <Coords points="1564,1157 1561,1172 1843,1195 1845,1195 1935,1185 2498,1213 3527,1226 3532,1210 3532,1134 3371,1128 3368,1128 3363,1128 3284,1146 3258,1134 3256,1134 3253,1134 3251,1134 3205,1149 3130,1123 3120,1121 3118,1121 3115,1121 3112,1121 3110,1121 3107,1123 3056,1152 2984,1152 2961,1131 2959,1131 2956,1131 2954,1131 2821,1144 2787,1116 2782,1111 2780,1111 2777,1111 2775,1111 2741,1116 2590,1139 2408,1136 2360,1111 2357,1111 2355,1111 2352,1111 2314,1128 2170,1128 2122,1100 2106,1093 2104,1093 2101,1093 2099,1093 2071,1100 2050,1105 1999,1098 1935,1090 1932,1090 1930,1090 1907,1098 1871,1108 1832,1095 1804,1085 1802,1085 1799,1085 1797,1085 1779,1093 1748,1111 1707,1093 1704,1093 1702,1093 1699,1093 1674,1105 1658,1090 1648,1082 1648,1080 1646,1080 1643,1080 1640,1080 1564,1088 1564,1157"/>
        <Baseline points="1566,1158 1664,1163 1762,1166 1861,1169 1959,1173 2057,1176 2156,1179 2254,1182 2352,1185 2451,1188 2549,1190 2647,1193 2746,1195 2844,1197 2942,1200 3041,1202 3139,1203 3237,1206 3336,1208 3434,1209 3533,1212"/>
        <TextEquiv>
          <Unicode>Particuliers les Mardi vingt six et Mercredi vingt sept Janvier mil </Unicode>
        </TextEquiv>
      </TextLine>

    
    
      <TextLine id="r4l13" >
        <Coords points="1525,1246 1523,1272 1671,1269 1789,1282 1889,1292 1891,1292 1894,1292 1920,1285 1948,1277 2147,1290 2419,1308 2421,1308 2616,1300 2652,1300 2664,1303 2728,1315 2731,1315 2851,1305 2869,1305 2874,1305 2908,1320 2910,1320 2913,1320 2987,1308 2997,1308 3010,1310 3066,1320 3069,1320 3072,1320 3097,1310 3110,1308 3338,1310 3348,1318 3376,1331 3379,1331 3381,1331 3558,1320 3560,1300 3558,1228 3258,1246 3205,1223 3182,1213 3179,1213 3176,1213 3128,1221 3092,1228 3074,1221 3043,1208 3041,1208 2933,1205 2931,1205 2928,1205 2926,1205 2908,1218 2895,1228 2833,1218 2787,1210 2785,1210 2782,1210 2780,1210 2769,1218 2744,1231 2631,1231 2603,1216 2598,1213 2595,1213 2593,1213 2572,1216 2483,1226 2447,1213 2385,1190 2383,1190 2380,1190 2280,1203 2263,1190 2260,1190 2257,1190 2255,1190 2252,1190 2211,1210 2199,1218 2191,1210 2183,1203 2181,1203 2178,1203 2176,1203 2068,1208 2014,1210 2001,1208 1902,1177 1899,1177 1896,1177 1894,1177 1827,1203 1789,1175 1786,1175 1784,1175 1781,1175 1692,1177 1689,1177 1687,1177 1646,1203 1643,1203 1525,1203 1525,1246"/>
        <Baseline points="1527,1248 1628,1252 1730,1256 1832,1259 1933,1263 2035,1266 2137,1269 2238,1272 2340,1275 2442,1278 2544,1280 2645,1283 2747,1286 2849,1287 2950,1290 3052,1292 3154,1294 3255,1296 3357,1298 3459,1299 3561,1301"/>
        <TextEquiv>
          <Unicode>huit cent cinquante huit pour se concilier si faire se pouvait sur la </Unicode>
        </TextEquiv>
      </TextLine>

    
    
      <TextLine id="r4l14" >
        <Coords points="1546,1361 3550,1413 3555,1395 3553,1328 3458,1346 3384,1323 3368,1318 3366,1318 3363,1318 3345,1320 3258,1341 3225,1318 3220,1313 3217,1313 3215,1313 3048,1308 3046,1308 3043,1308 3041,1308 3036,1313 2997,1333 2900,1320 2897,1320 2895,1320 2856,1331 2772,1305 2757,1300 2754,1300 2752,1300 2731,1303 2644,1320 2552,1305 2549,1305 2470,1320 2437,1295 2434,1292 2432,1292 2429,1292 2360,1292 2357,1292 2355,1292 2352,1292 2316,1315 2224,1315 2204,1297 2201,1297 2199,1297 2196,1297 2193,1297 2158,1313 1963,1280 1950,1280 1907,1280 1904,1280 1902,1280 1899,1280 1866,1305 1653,1303 1551,1269 1548,1344 1546,1361"/>
        <Baseline points="1551,1346 1651,1350 1751,1353 1852,1358 1952,1360 2052,1362 2153,1365 2253,1368 2353,1370 2454,1373 2554,1374 2654,1376 2755,1379 2855,1380 2955,1382 3056,1385 3156,1386 3256,1389 3357,1391 3457,1394 3558,1397"/>
        <TextEquiv>
          <Unicode>demande qu’il entendait former contre lui devant le dit Conseil en </Unicode>
        </TextEquiv>
      </TextLine>

    
    
      <TextLine id="r4l15" >
        <Coords points="1546,1438 1546,1472 1635,1459 1681,1474 1689,1477 1692,1477 1694,1477 1697,1477 1702,1474 1738,1461 1776,1477 1784,1479 1786,1479 1789,1479 1792,1479 1802,1477 1853,1464 2140,1482 2232,1487 2234,1487 2273,1484 2373,1474 2398,1487 2406,1489 2408,1489 2411,1489 2498,1487 2624,1484 2690,1489 2782,1500 2785,1500 2949,1495 3112,1489 3133,1497 3156,1507 3159,1507 3161,1507 3525,1502 3527,1479 3522,1415 3479,1428 3430,1413 3394,1400 3392,1400 3389,1400 3386,1400 3351,1410 3294,1425 3253,1410 3251,1410 3248,1410 3246,1410 3220,1423 3033,1423 2949,1400 2938,1397 2936,1397 2933,1397 2931,1397 2926,1400 2885,1418 2798,1418 2772,1395 2764,1387 2762,1387 2759,1387 2757,1387 2754,1387 2736,1395 2690,1413 2585,1413 2547,1390 2536,1382 2534,1382 2531,1382 2529,1382 2526,1382 2524,1382 2516,1387 2501,1400 2483,1387 2480,1387 2478,1387 2475,1387 2472,1387 2408,1408 2298,1382 2268,1377 2265,1377 2263,1377 2245,1382 2160,1402 2055,1377 2037,1372 2035,1372 2032,1372 2030,1372 2019,1374 1996,1384 1966,1374 1958,1372 1955,1372 1953,1372 1950,1372 1948,1372 1948,1374 1907,1397 1861,1397 1827,1369 1825,1369 1822,1369 1768,1367 1766,1367 1763,1367 1758,1369 1704,1390 1671,1367 1669,1364 1666,1364 1664,1364 1546,1364 1546,1438"/>
        <Baseline points="1548,1440 1647,1443 1746,1446 1845,1449 1944,1451 2043,1454 2142,1457 2241,1459 2340,1461 2439,1464 2538,1466 2637,1467 2736,1470 2835,1472 2934,1473 3033,1475 3132,1477 3231,1478 3330,1479 3429,1481 3528,1482"/>
        <TextEquiv>
          <Unicode>paiement de la somme de cent quarante francs pour un mois de travail </Unicode>
        </TextEquiv>
      </TextLine>

    
    
      <TextLine id="r4l16" >
        <Coords points="1546,1541 1546,1571 1676,1559 1815,1574 1817,1574 1820,1574 1850,1561 1886,1576 1889,1576 1891,1576 2001,1564 2050,1579 2053,1579 2055,1579 2129,1566 2158,1579 2160,1579 2163,1579 2321,1571 2480,1587 2490,1587 2493,1587 2501,1587 2621,1574 2913,1594 2946,1594 2949,1594 2961,1594 3051,1584 3082,1597 3084,1597 3087,1597 3089,1597 3112,1597 3248,1587 3384,1600 3409,1602 3412,1602 3425,1602 3496,1589 3543,1602 3550,1574 3550,1525 3440,1510 3438,1510 3435,1510 3407,1523 3399,1525 3361,1523 3276,1512 3274,1512 3148,1518 3102,1520 3097,1518 3038,1484 3036,1484 2936,1482 2933,1482 2885,1484 2882,1484 2880,1484 2841,1515 2839,1515 2506,1512 2503,1510 2457,1474 2455,1474 2452,1474 2449,1474 2199,1497 2165,1479 2163,1479 2160,1479 2012,1502 1935,1466 1932,1466 1694,1461 1692,1461 1689,1461 1620,1492 1589,1479 1587,1479 1584,1479 1582,1479 1546,1495 1546,1541"/>
        <Baseline points="1548,1542 1648,1544 1748,1544 1848,1545 1948,1547 2048,1548 2148,1550 2249,1553 2349,1554 2449,1556 2549,1559 2649,1560 2749,1563 2849,1565 2950,1566 3050,1569 3150,1571 3250,1572 3350,1573 3450,1574 3551,1575"/>
        <TextEquiv>
          <Unicode>qu’il a fait dans ses ateliers d’après ses ordres. Brision n’ayant pas </Unicode>
        </TextEquiv>
      </TextLine>

    
    
      <TextLine id="r4l17" >
        <Coords points="1564,1623 1561,1640 1797,1661 1799,1661 1894,1651 1907,1651 1925,1651 2035,1666 2037,1666 2216,1661 2291,1658 2324,1664 2385,1674 2388,1674 2452,1666 2488,1664 2560,1669 2659,1679 2662,1679 2728,1674 2810,1669 2849,1679 2874,1684 2877,1684 2880,1684 2908,1679 2959,1671 3046,1684 3092,1689 3095,1689 3169,1687 3317,1681 3330,1692 3333,1694 3335,1694 3338,1694 3340,1694 3361,1692 3445,1681 3560,1697 3566,1666 3566,1597 3517,1592 3514,1592 3512,1592 3504,1594 3448,1617 3366,1592 3348,1587 3345,1587 3343,1587 3340,1587 3328,1592 3307,1600 3256,1589 3217,1584 3215,1584 3212,1584 3200,1589 3143,1612 3112,1587 3107,1582 3105,1582 3102,1582 3100,1582 3097,1582 3079,1587 3059,1592 3013,1587 2959,1579 2956,1579 2954,1579 2941,1584 2920,1594 2897,1584 2885,1579 2882,1579 2880,1579 2877,1579 2874,1579 2869,1584 2836,1607 2759,1607 2700,1579 2685,1574 2682,1574 2680,1574 2677,1574 2662,1579 2611,1602 2526,1602 2498,1587 2496,1587 2493,1587 2199,1592 2160,1571 2145,1561 2142,1561 2140,1561 2137,1561 2078,1569 1955,1587 1799,1579 1781,1564 1768,1553 1766,1553 1763,1553 1761,1553 1564,1559 1564,1623"/>
        <Baseline points="1566,1625 1666,1628 1766,1632 1866,1634 1966,1637 2066,1640 2166,1643 2266,1645 2366,1647 2466,1649 2566,1651 2666,1653 2766,1655 2866,1656 2966,1658 3066,1660 3166,1662 3266,1664 3366,1665 3466,1667 3567,1668"/>
        <TextEquiv>
          <Unicode>comparu la cause fut renvoyé devant le Bureau Général du dit Conseil </Unicode>
        </TextEquiv>
      </TextLine>

    
    
      <TextLine id="r4l18" >
        <Coords points="1541,1751 3525,1768 3530,1751 3530,1697 3463,1681 3461,1681 3458,1681 3456,1681 3440,1694 3435,1697 3432,1694 3409,1679 3407,1679 3404,1679 3402,1679 3399,1679 3358,1692 3317,1704 3294,1692 3274,1676 3271,1676 3269,1676 3202,1676 3200,1676 3197,1676 3194,1676 3179,1687 3166,1697 3105,1687 3059,1679 3056,1679 3054,1679 3041,1684 3008,1702 2867,1702 2805,1679 2787,1674 2785,1674 2782,1674 2780,1674 2764,1679 2708,1697 2536,1697 2465,1671 2439,1664 2437,1664 2245,1661 2242,1661 2240,1661 2227,1666 2206,1676 2176,1666 2155,1658 2152,1658 2150,1658 2091,1664 1881,1684 1848,1658 1843,1653 1840,1653 1838,1653 1792,1653 1789,1653 1786,1653 1784,1653 1781,1656 1743,1681 1600,1681 1546,1651 1543,1720 1541,1751"/>
        <Baseline points="1545,1721 1644,1724 1743,1726 1842,1728 1942,1731 2041,1733 2140,1735 2240,1737 2339,1739 2438,1740 2538,1743 2637,1745 2736,1746 2835,1748 2935,1748 3034,1749 3133,1751 3233,1751 3332,1752 3431,1752 3531,1752"/>
        <TextEquiv>
          <Unicode>séant le Vendredi vingt neuf janvier mil huit cent cinquante huit et </Unicode>
        </TextEquiv>
      </TextLine>

    
    
      <TextLine id="r4l19" >
        <Coords points="1538,1820 1536,1840 3550,1856 3555,1843 3555,1792 3366,1774 3363,1774 3223,1784 3102,1756 3028,1756 3025,1756 3023,1756 3020,1756 2984,1784 2926,1784 2905,1766 2903,1766 2900,1766 2897,1766 2764,1779 2734,1766 2731,1766 2728,1766 2726,1766 2700,1779 2639,1756 2636,1756 2634,1756 2631,1756 2572,1774 2534,1751 2531,1751 2529,1751 2429,1748 2426,1748 2424,1748 2421,1748 2403,1761 2301,1748 2298,1748 2296,1748 2247,1766 2193,1745 2191,1745 2117,1745 2114,1745 2112,1745 2037,1771 2004,1758 2001,1758 1999,1758 1904,1768 1850,1743 1848,1743 1789,1743 1786,1743 1784,1743 1781,1743 1753,1766 1661,1748 1658,1748 1656,1748 1620,1768 1538,1768 1538,1820"/>
        <Baseline points="1539,1821 1645,1821 1751,1823 1857,1824 1964,1824 2070,1826 2176,1827 2282,1829 2389,1830 2495,1830 2601,1832 2707,1833 2814,1835 2920,1836 3026,1838 3132,1839 3239,1841 3345,1842 3451,1844 3558,1845"/>
        <TextEquiv>
          <Unicode>ajournée au vendredi cinq février suivant mois. Cité pour le dit jour </Unicode>
        </TextEquiv>
      </TextLine>

    
    
      <TextLine id="r4l20" >
        <Coords points="1556,1914 1553,1937 3530,1958 3535,1935 3532,1886 3432,1886 3430,1884 3389,1856 3386,1856 3384,1856 3381,1856 3379,1856 3304,1881 3297,1884 3258,1881 3141,1871 3138,1871 3010,1879 2974,1879 2969,1876 2941,1853 2938,1853 2936,1853 2856,1848 2854,1848 2851,1848 2782,1873 2775,1879 2649,1879 2641,1871 2618,1856 2616,1856 2613,1856 2611,1856 2503,1868 2429,1843 2426,1843 2424,1843 2283,1866 2273,1868 2268,1866 2237,1840 2234,1840 2232,1840 2229,1840 2227,1840 2168,1856 2135,1848 2132,1848 2129,1848 2127,1848 2094,1863 2078,1871 2037,1863 1994,1856 1991,1856 1945,1863 1935,1863 1932,1861 1902,1838 1899,1838 1896,1838 1584,1835 1582,1835 1579,1835 1576,1835 1556,1848 1556,1914"/>
        <Baseline points="1557,1917 1656,1917 1755,1917 1854,1917 1953,1917 2052,1919 2151,1919 2250,1920 2349,1920 2448,1922 2547,1922 2646,1923 2745,1925 2844,1926 2943,1928 3042,1929 3141,1931 3240,1932 3339,1934 3438,1935 3537,1937"/>
        <TextEquiv>
          <Unicode>cinq février par exploit de Potin, huissier à Paris en date du premier </Unicode>
        </TextEquiv>
      </TextLine>

    
    
      <TextLine id="r4l21" >
        <Coords points="1530,2004 1528,2019 1589,2037 1592,2037 1594,2037 1597,2037 1617,2027 1635,2042 1638,2042 1640,2042 1643,2042 1899,2024 1932,2024 1960,2027 2127,2045 2129,2045 2132,2045 2183,2030 2196,2027 2227,2030 2344,2045 2347,2045 2437,2032 2449,2032 2462,2035 2560,2053 2562,2053 2839,2040 2938,2035 3018,2035 3028,2042 3041,2053 3043,2053 3046,2053 3048,2053 3184,2045 3287,2037 3315,2045 3338,2053 3340,2053 3343,2053 3537,2048 3540,2024 3535,1950 3438,1955 3435,1955 3432,1955 3402,1976 3299,1976 3271,1953 3269,1953 3266,1953 3264,1953 3261,1953 3215,1976 3082,1976 3048,1958 3046,1958 3043,1958 2854,1971 2805,1950 2803,1950 2800,1950 2798,1950 2785,1950 2721,1958 2705,1950 2690,1943 2688,1943 2685,1943 2682,1943 2680,1943 2670,1950 2641,1968 2603,1950 2600,1950 2598,1950 2595,1950 2585,1950 2524,1963 2483,1950 2437,1937 2434,1937 2432,1937 2429,1937 2391,1950 2352,1966 2265,1966 2242,1953 2224,1940 2222,1940 2219,1940 2165,1940 2163,1940 2160,1940 2158,1940 2142,1953 2135,1958 2127,1953 2099,1935 2096,1935 2094,1935 2035,1932 2032,1932 2030,1932 1973,1950 1953,1932 1950,1932 1948,1932 1873,1932 1871,1932 1868,1932 1866,1932 1840,1953 1827,1960 1758,1960 1748,1953 1717,1930 1715,1930 1712,1930 1710,1930 1559,1932 1556,1932 1553,1932 1530,1945 1530,2004"/>
        <Baseline points="1532,2006 1632,2006 1733,2007 1833,2007 1934,2009 2034,2009 2135,2010 2235,2012 2336,2012 2436,2013 2537,2015 2638,2016 2738,2018 2839,2019 2939,2020 3040,2021 3140,2022 3241,2024 3341,2024 3442,2025 3543,2025"/>
        <TextEquiv>
          <Unicode>Février mil huit cent cinquante huit, visé pour timbre et enregistré à </Unicode>
        </TextEquiv>
      </TextLine>

    
    
      <TextLine id="r4l22" >
        <Coords points="1538,2101 1536,2124 3573,2145 3578,2122 3578,2073 3499,2068 3430,2037 3427,2037 3368,2037 3366,2037 3363,2037 3361,2037 3320,2065 3315,2071 3136,2071 3120,2060 3082,2037 3079,2037 3077,2037 3074,2037 3072,2037 3043,2048 3023,2032 3020,2032 3018,2032 3015,2032 2910,2055 2862,2065 2836,2053 2823,2048 2821,2048 2818,2048 2816,2048 2813,2048 2805,2053 2787,2065 2613,2065 2585,2048 2572,2037 2570,2037 2567,2037 2565,2037 2562,2037 2539,2045 2501,2060 2362,2060 2334,2040 2311,2024 2309,2024 2306,2024 2304,2024 2165,2037 2147,2037 2142,2035 2129,2024 2127,2024 2124,2024 1935,2022 1932,2022 1930,2022 1912,2030 1856,2055 1799,2027 1784,2019 1781,2019 1779,2019 1776,2019 1761,2027 1712,2048 1648,2024 1643,2022 1640,2022 1538,2022 1538,2101"/>
        <Baseline points="1539,2102 1641,2102 1743,2103 1845,2103 1947,2105 2049,2105 2151,2106 2253,2107 2355,2108 2457,2109 2559,2109 2661,2111 2763,2112 2865,2114 2967,2115 3069,2116 3171,2118 3273,2120 3375,2121 3477,2123 3579,2124"/>
        <TextEquiv>
          <Unicode>Paris le deux Février mil huit cent cinquante huit, en délier de un francs vingt </Unicode>
        </TextEquiv>
      </TextLine>

    
    
      <TextLine id="r4l23" >
        <Coords points="1515,2196 1512,2227 1838,2211 1879,2229 1881,2229 1884,2232 1991,2232 1991,2229 1994,2229 2030,2214 2045,2227 2048,2227 2050,2227 2053,2227 2160,2216 2257,2229 2306,2234 2309,2234 2311,2234 2334,2229 2383,2216 2452,2229 2506,2237 2508,2237 2511,2237 2547,2227 2575,2222 2631,2227 2672,2232 2675,2232 2721,2227 2803,2219 2831,2227 2877,2242 2880,2242 2882,2242 2885,2242 2928,2227 2933,2227 2938,2227 3010,2242 3013,2242 3015,2242 3018,2242 3043,2227 3046,2224 3164,2224 3192,2227 3343,2245 3345,2245 3348,2245 3351,2245 3371,2227 3545,2224 3548,2211 3548,2160 3330,2158 3328,2155 3289,2124 3287,2124 3284,2124 3217,2124 3215,2124 3212,2124 3161,2152 3159,2155 3082,2155 3077,2152 3041,2124 3038,2124 3036,2124 3033,2124 3031,2124 2969,2150 2959,2152 2862,2152 2854,2147 2795,2122 2792,2122 2790,2122 2787,2122 2700,2145 2680,2150 2664,2145 2600,2119 2598,2119 2521,2117 2408,2117 2406,2117 2403,2117 2401,2117 2365,2140 2350,2150 2270,2150 2237,2137 2168,2114 2165,2114 2163,2114 2081,2132 1976,2114 1973,2114 1971,2114 1968,2114 1940,2132 1922,2145 1894,2132 1845,2112 1843,2112 1840,2112 1753,2122 1751,2122 1748,2122 1738,2129 1715,2142 1653,2140 1638,2127 1617,2112 1615,2112 1612,2112 1610,2112 1515,2124 1515,2196"/>
        <Baseline points="1517,2198 1618,2199 1720,2201 1821,2202 1923,2202 2025,2204 2126,2204 2228,2204 2329,2204 2431,2205 2533,2205 2634,2205 2736,2205 2837,2205 2939,2207 3041,2207 3142,2208 3244,2208 3345,2210 3447,2213 3549,2214"/>
        <TextEquiv>
          <Unicode>cinq centimes, folio soixante quatre, case quarante, signé L. Drevon </Unicode>
        </TextEquiv>
      </TextLine>

    
    
      <TextLine id="r4l24" >
        <Coords points="1536,2293 1533,2309 3578,2329 3584,2309 3581,2250 3036,2247 3033,2245 2992,2216 2990,2216 2987,2216 2984,2216 2764,2234 2736,2214 2734,2214 2731,2214 2644,2214 2641,2214 2531,2234 2475,2211 2472,2211 2280,2211 2278,2211 2275,2211 2273,2211 2237,2240 2234,2240 2176,2237 2114,2237 2042,2209 2040,2209 2037,2209 1932,2224 1889,2206 1886,2206 1884,2206 1881,2206 1799,2234 1799,2237 1689,2237 1687,2234 1628,2209 1625,2209 1623,2209 1620,2209 1536,2232 1536,2293"/>
        <Baseline points="1536,2294 1638,2295 1740,2295 1843,2297 1945,2297 2048,2297 2150,2295 2253,2295 2355,2295 2458,2295 2560,2295 2662,2295 2765,2295 2867,2295 2970,2297 3072,2297 3175,2298 3277,2301 3380,2303 3482,2306 3585,2310"/>
        <TextEquiv>
          <Unicode>Brision ne comparut pas. A l’appel de la cause Crocher se présenta et conclut </Unicode>
        </TextEquiv>
      </TextLine>

    
    
      <TextLine id="r4l25" >
        <Coords points="1548,2383 1546,2408 3578,2414 3584,2393 3581,2350 3502,2332 3499,2332 3376,2342 3276,2319 3146,2319 3143,2319 3141,2319 3138,2319 3105,2342 3095,2347 2956,2347 2949,2339 2928,2324 2926,2324 2923,2324 2920,2324 2826,2337 2795,2342 2787,2337 2752,2316 2749,2316 2746,2316 2744,2316 2616,2319 2613,2319 2611,2319 2593,2334 2580,2344 2529,2334 2480,2324 2478,2324 2475,2324 2452,2332 2429,2344 2298,2344 2275,2329 2257,2319 2255,2319 2252,2319 2250,2319 2247,2319 2211,2329 2168,2342 2140,2329 2112,2314 2109,2314 2106,2314 1989,2316 1986,2316 1984,2316 1971,2327 1948,2342 1909,2342 1889,2324 1871,2311 1868,2311 1866,2311 1863,2311 1797,2324 1792,2324 1776,2311 1774,2311 1771,2311 1768,2311 1766,2311 1763,2311 1748,2324 1728,2339 1697,2321 1674,2311 1671,2311 1669,2311 1548,2319 1548,2383"/>
        <Baseline points="1551,2385 1652,2385 1754,2387 1856,2388 1957,2388 2059,2388 2161,2388 2262,2388 2364,2388 2466,2388 2568,2388 2669,2388 2771,2388 2873,2388 2974,2389 3076,2390 3178,2390 3279,2391 3381,2391 3483,2393 3585,2394"/>
        <TextEquiv>
          <Unicode>à ce qu’il plut au Bureau Général du dit conseil donner défaut contre Brision </Unicode>
        </TextEquiv>
      </TextLine>

    
    
      <TextLine id="r4l26" >
        <Coords points="1533,2513 1717,2496 1848,2513 1853,2513 1856,2513 1868,2513 2081,2501 2117,2513 2132,2519 2135,2519 2137,2519 2214,2513 2426,2496 2603,2511 2606,2511 2608,2511 2611,2511 2777,2501 2800,2511 2805,2513 2808,2513 2810,2513 2844,2511 2987,2498 3051,2511 3092,2519 3095,2521 3261,2521 3261,2519 3264,2519 3284,2511 3307,2501 3371,2501 3384,2511 3394,2519 3397,2519 3399,2519 3402,2519 3404,2519 3432,2511 3468,2498 3486,2511 3494,2516 3496,2516 3499,2516 3502,2516 3560,2508 3563,2483 3555,2414 3512,2429 3461,2414 3443,2408 3440,2408 3438,2408 3435,2408 3422,2414 3394,2429 3333,2416 3302,2408 3299,2408 3112,2414 3110,2414 3107,2414 3102,2416 3084,2429 3064,2416 3056,2411 3054,2411 3051,2411 2874,2408 2872,2408 2869,2408 2867,2408 2854,2419 2836,2432 2777,2432 2764,2419 2752,2408 2749,2408 2746,2408 2644,2408 2641,2408 2639,2408 2636,2408 2621,2421 2608,2429 2352,2429 2344,2424 2324,2414 2321,2414 2319,2414 2316,2414 2296,2424 2283,2432 2191,2432 2155,2424 2037,2408 2035,2408 2032,2408 2030,2408 2007,2426 2001,2432 1940,2432 1932,2426 1886,2411 1884,2411 1881,2411 1751,2421 1717,2408 1715,2408 1712,2408 1710,2408 1640,2429 1638,2432 1533,2432 1533,2485 1533,2513"/>
        <Baseline points="1535,2487 1636,2486 1738,2486 1839,2486 1941,2485 2042,2484 2144,2484 2245,2484 2347,2484 2448,2483 2550,2483 2652,2483 2753,2483 2855,2483 2956,2483 3058,2483 3159,2483 3261,2483 3362,2484 3464,2484 3566,2484"/>
        <TextEquiv>
          <Unicode>non comparants ni personne pour lui quoique dument appelés ; Et pour le profit </Unicode>
        </TextEquiv>
      </TextLine>

    
    
      <TextLine id="r4l27" >
        <Coords points="2309,2485 2306,2485 2304,2485 2237,2516 2237,2519 2078,2519 2076,2516 2017,2485 2014,2485 2012,2485 1902,2508 1786,2488 1786,2488 1761,2488 1725,2513 1674,2493 1671,2493 1669,2493 1666,2493 1623,2513 1607,2501 1605,2501 1602,2501 1600,2501 1530,2513 1530,2575 1528,2600 2232,2603 2234,2603 2245,2603 2403,2590 2455,2603 2457,2603 2460,2603 2462,2603 2511,2590 2639,2603 2662,2606 2664,2606 2700,2606 2882,2593 2979,2606 2992,2606 2995,2606 3005,2606 3084,2593 3432,2606 3453,2606 3456,2606 3461,2606 3535,2593 3578,2606 3586,2580 3584,2521 3525,2521 3525,2519 3502,2501 3499,2501 3496,2501 3494,2501 3491,2501 3456,2519 3420,2503 3417,2503 3415,2503 3412,2503 3348,2519 3325,2501 3322,2501 3320,2501 3258,2501 3256,2501 3253,2501 3217,2519 3217,2521 3097,2521 3095,2519 3031,2488 3028,2488 3025,2488 2941,2501 2823,2490 2821,2490 2818,2490 2816,2490 2798,2506 2772,2488 2769,2488 2767,2488 2764,2488 2629,2501 2567,2485 2565,2485 2324,2485 2309,2485"/>
        <Baseline points="1533,2577 1635,2578 1738,2579 1841,2578 1944,2577 2046,2577 2149,2576 2252,2576 2355,2574 2457,2574 2560,2573 2663,2573 2766,2571 2868,2571 2971,2571 3074,2573 3177,2573 3279,2574 3382,2577 3485,2579 3588,2583"/>
        <TextEquiv>
          <Unicode>du dit défaut le condamner à lui payer avec intérêts suivant la loi la somme de </Unicode>
        </TextEquiv>
      </TextLine>

    
    
      <TextLine id="r4l28" >
        <Coords points="1530,2672 1533,2721 1612,2688 1786,2688 1848,2708 1850,2708 1853,2708 1904,2700 1927,2716 1927,2718 1930,2718 1932,2718 1935,2721 2024,2721 2024,2718 2027,2718 2030,2718 2032,2716 2068,2690 2127,2685 2337,2700 2339,2700 2342,2700 2344,2700 2373,2685 2462,2685 2511,2711 2521,2716 2524,2716 2526,2716 2575,2711 2631,2703 2736,2708 2844,2713 2846,2713 2849,2713 2874,2705 2956,2682 3174,2680 3210,2693 3212,2693 3215,2693 3427,2682 3555,2698 3560,2662 3558,2595 3537,2585 3535,2585 3532,2585 3530,2585 3527,2585 3509,2598 3496,2606 3417,2606 3409,2598 3384,2580 3381,2580 3379,2580 3312,2580 3310,2580 3307,2580 3304,2580 3279,2600 3269,2608 3031,2608 3018,2603 2959,2583 2956,2583 2741,2583 2739,2583 2590,2606 2572,2608 2567,2606 2524,2585 2521,2585 2383,2585 2380,2585 2378,2585 2375,2585 2347,2608 2342,2613 2273,2613 2252,2608 2096,2585 2094,2585 2091,2585 2088,2585 2055,2608 1971,2598 1968,2598 1966,2598 1963,2598 1943,2611 1937,2616 1817,2616 1807,2613 1669,2588 1666,2588 1528,2613 1530,2672"/>
        <Baseline points="1533,2673 1634,2673 1736,2673 1837,2672 1939,2672 2040,2670 2142,2670 2243,2669 2345,2667 2446,2667 2548,2666 2649,2666 2751,2664 2852,2664 2954,2664 3055,2664 3157,2663 3258,2663 3360,2664 3461,2664 3563,2664"/>
        <TextEquiv>
          <Unicode>cent quarante francs qu’il lui doit pour prix d’une mois de son travail </Unicode>
        </TextEquiv>
      </TextLine>

    
    
      <TextLine id="r4l29" >
        <Coords points="1538,2764 1541,2795 1587,2782 1625,2795 1628,2795 1630,2795 1635,2795 1712,2782 1751,2795 1753,2795 1756,2795 1758,2795 1774,2795 1958,2782 2017,2795 2027,2795 2030,2795 2091,2795 2557,2777 2590,2790 2593,2790 2595,2790 2711,2777 3036,2790 3048,2790 3051,2790 3054,2790 3102,2775 3558,2787 3563,2754 3555,2677 3491,2703 3445,2703 3412,2680 3402,2672 3399,2672 3397,2672 3287,2672 3284,2672 3281,2672 3261,2682 3248,2688 3210,2682 3128,2672 3125,2672 3123,2672 3084,2685 3038,2700 2984,2688 2946,2677 2944,2677 2941,2677 2938,2677 2905,2688 2856,2708 2544,2708 2524,2695 2498,2677 2496,2677 2493,2677 2408,2677 2406,2677 2403,2677 2401,2677 2373,2698 2357,2711 2268,2711 2255,2700 2224,2677 2222,2677 2219,2677 2114,2677 2112,2677 2109,2677 2030,2705 2009,2711 1825,2711 1822,2708 1781,2680 1779,2680 1776,2680 1774,2680 1676,2700 1651,2680 1648,2680 1646,2680 1597,2680 1594,2680 1592,2680 1536,2711 1538,2764"/>
        <Baseline points="1539,2766 1640,2765 1741,2765 1843,2763 1944,2763 2045,2762 2147,2762 2248,2760 2349,2760 2451,2760 2552,2759 2653,2759 2755,2759 2856,2759 2957,2757 3059,2757 3160,2757 3261,2757 3363,2757 3464,2757 3566,2757"/>
        <TextEquiv>
          <Unicode>fait pour son compte, d’après ses ordres et dans ses ateliers, plus indemnité </Unicode>
        </TextEquiv>
      </TextLine>

    
    
      <TextLine id="r4l30" >
        <Coords points="1546,2856 1546,2887 1640,2869 1725,2885 1728,2887 2119,2887 2119,2885 2122,2885 2124,2885 2142,2872 2304,2885 2306,2885 2401,2869 2439,2885 2442,2885 2444,2885 2447,2885 2506,2869 2595,2882 2598,2882 2752,2872 2769,2885 2772,2885 2775,2885 2777,2885 2882,2869 3048,2869 3082,2885 3084,2885 3087,2885 3453,2869 3571,2885 3576,2856 3573,2803 3438,2803 3435,2800 3415,2785 3412,2785 3409,2785 3407,2785 3404,2785 3374,2800 3371,2800 3368,2800 3269,2777 3266,2777 3264,2777 3207,2800 3202,2803 3072,2803 3064,2798 3013,2769 3010,2769 2836,2769 2833,2769 2831,2769 2792,2787 2769,2769 2767,2769 2764,2769 2672,2769 2670,2769 2667,2769 2598,2790 2557,2769 2554,2769 2552,2769 2347,2787 2286,2769 2283,2769 2280,2769 2278,2769 2188,2792 2155,2803 1809,2803 1784,2790 1751,2777 1748,2777 1745,2777 1743,2777 1697,2790 1687,2792 1679,2790 1630,2769 1628,2769 1625,2769 1543,2787 1546,2856"/>
        <Baseline points="1547,2859 1648,2861 1750,2861 1851,2861 1953,2859 2054,2859 2156,2858 2257,2858 2359,2856 2460,2856 2562,2855 2664,2853 2765,2853 2867,2853 2968,2852 3070,2852 3171,2853 3273,2853 3374,2855 3476,2855 3578,2858"/>
        <TextEquiv>
          <Unicode>pour le préjudice de perte de temps qu’il lui a fait éprouver  en ne comparaissant </Unicode>
        </TextEquiv>
      </TextLine>

    
    
      <TextLine id="r4l31" >
        <Coords points="3420,2856 3394,2856 3368,2854 3343,2854 3317,2854 3292,2854 3287,2854 3264,2869 3192,2856 3189,2856 3187,2856 3184,2856 3148,2885 3079,2885 3046,2885 3008,2856 3005,2856 3002,2856 2859,2856 2856,2856 2854,2856 2785,2887 2723,2869 2721,2869 2718,2869 2611,2887 2490,2862 2488,2862 2485,2862 2411,2890 2163,2869 2160,2869 2158,2869 2086,2890 2050,2867 2048,2867 2045,2867 2042,2867 2040,2867 2037,2867 2004,2895 2001,2895 1999,2895 1879,2874 1876,2874 1873,2874 1830,2897 1766,2897 1758,2897 1640,2869 1638,2869 1635,2869 1525,2897 1528,2961 1533,3010 1574,2979 1722,3002 1725,3002 1728,3002 1789,2979 1815,2995 1817,2995 1820,2995 1822,2995 1873,2987 1904,3002 1922,3013 1925,3013 1927,3013 2071,3010 2073,3010 2076,3010 2091,3000 2140,2972 2252,2982 2255,2982 2360,2969 2391,2984 2393,2984 2396,2984 2465,2969 2503,2995 2524,3008 2526,3008 2529,3008 2531,3008 2752,3005 2754,3005 2757,3005 2775,2990 2792,2974 2869,2964 2951,2972 2969,2987 2982,2997 2984,2997 2987,2997 2990,2997 2992,2997 2995,2997 3010,2987 3041,2967 3166,2984 3197,2987 3200,2987 3202,2987 3212,2982 3264,2964 3356,2964 3389,2979 3399,2984 3402,2984 3404,2984 3407,2984 3420,2979 3473,2959 3545,2977 3553,2941 3550,2882 3463,2877 3435,2856 3420,2856"/>
        <Baseline points="1530,2963 1631,2961 1732,2958 1833,2957 1934,2955 2036,2954 2137,2952 2238,2952 2339,2951 2440,2951 2542,2949 2643,2949 2744,2948 2845,2948 2946,2946 3048,2946 3149,2946 3250,2945 3351,2945 3452,2943 3554,2942"/>
        <TextEquiv>
          <Unicode>pas devant les Bureaux du Conseil et les dépens. Point de droit - Devait-on </Unicode>
        </TextEquiv>
      </TextLine>

    
    </TextRegion>
    
  </Page>
</PcGts>
