3072 4608
783 234 2795 468 pour le dit jour dix huit Juin par lettre du secrétaire du Conseil en date du
748 349 2741 541 Seize Juin mil huit cent Cinquante huit la veuve Cartigny ne comparut
733 422 2741 637 pas. A l'appel de la cause la demoiselle Poulin se présenta et conclut à ce
752 526 2737 718 qu'il plut au Bureau Général du dit Conseil donner défaut contre la veuve
764 625 2737 825 Cartigny non comparante ni personne pour elle quoique dument appelée
752 714 2726 910 Et pour le profit la condamner à lui payer la somme de Cinquante franc
752 810 2741 998 avec intérêts suivant la loi, laquelle somme lui est due pour solde du prix
748 894 2741 1094 de travaux par elle faits pour son compte et d'après ses ordres, plus a
756 998 2737 1182 lui payer cette somme qu'il plaira au Conseil fixer pour le préjudice
744 1094 2741 1278 qu'il lui a fait éprouver en ne comparaissant pas devant les bureaux du
733 1171 2737 1374 Conseil et les dépens. Point de droit — Doit donner défaut contre la
737 1282 2741 1463 Veuve Cartigny non comparante ni personne pour elle quoique dument
741 1378 2737 1555 appelée et pour le profit adjuger à la demanderesse les conclusions
748 1486 2714 1639 par elle précèdemment prises ? Que doit-il être statué à l'égard des
725 1566 2741 1751 dépens ? Aprés avoir entendu la demoiselle Poulain en ses demandes et
718 1666 2730 1835 conclusions et en avoir délibéré conformément à la loi ; Attendu que la
733 1766 2741 1935 demande demoiselle Poulain est juste et fondée ; que d'ailleurs elle n'est pas
744 1858 2726 2027 contestée par la veuve Cartigny non comparante ni personne pour elle
721 1950 2730 2108 quoique dument appelée ; attendu qu'en ne comparaissant pas devant les
706 2042 2726 2215 Bureaux du Conseil la veuve Cartigny a causé à la demoiselle Poulain un
721 2146 2726 2300 préjudice de perte de temps, ce qu'elle doit réparer ; Par ces motifs — Le
710 2234 2730 2403 Bureau Général jugeant en dernier ressort ; Donne défaut contre la
675 2338 2726 2488 Veuve Cartigny non comparante ni personne pour elle quoique dument
695 2430 2718 2592 appelée ; Et adjugeant le profit dudit défaut ; Condamne la veuve Cartigny à
695 2526 2711 2695 payer avec intérêts suivant la loi à la demoiselle Poulain la somme de
702 2626 2730 2787 Cinquante francs qu'elle reste lui devoir pour salaire, plus celle de
706 2722 2741 2864 quatre francs cinquante centimes pour indemnité du temps qu'elle lui a fait
679 2822 2741 2976 perdre en ne comparaissant pas devant les Bureaux du Conseil ; La condamne
702 2918 2722 3056 en outre aux dépens taxés et liquidés envers la demanderesse à la somme de
698 3010 2722 3156 un franc soixante centimes, et à celle de soixante quinze centimes envers le
695 3098 2737 3252 Trésor Public pour le papier timbré de la présente minute, conformément à la
702 3194 2737 3344 loi du sept août mil huit cent Cinquante, ence, non compris le cout du présent
695 3287 2718 3452 jugement, la signification d'icelui et ses suites. Et vu les articles 435 du
683 3386 2726 3551 code de procédure civile, 27 et 42 du décret du onze Juin 1809 pour signifier à la defenderesse
683 3479 2734 3640 le présent jugement, commet Potin, l'un de ses huissiers audienciers
675 3575 1927 3790 Ainsi jugé les jour mois et an que dessus
