3072 4608
718 311 2741 468 neuf Juin mil huit Cent Cinquante huit pour se Concilier s'y faire se
702 387 2726 545 pouvait sur la demande qu'elle entendait former contre eux devant le dit
710 479 2741 656 Conseil en paiement de la somme de quatre Cent ving huit francs qu'ils
721 564 2764 729 lui doivent pour prix de la nourriture et des leçons données aux apprenties
702 656 2757 821 et en éxécution de Conventions verbales d'apprentissage. A l'appel
725 752 2737 921 de la cause, le Mercredi neuf Juin la demoiselle Laflesselle se présenta
702 837 2768 1009 et exposa au Conseil que suivant conventions verbales intervenues entr'elle
714 933 2718 1105 et la demoiselle Caron et le sieur Lequine elle à consenti à recevoir
695 1029 2768 1198 chez elle les mineures Ernestine et Zoé Caron comme apprenties fleuristes
718 1125 2776 1278 s'engageant à les nourir coucher et blanchir pendant toute la durée
706 1217 2711 1351 de l'apprentissage qui était fixée à deux années à partir du huit avril
695 1309 2764 1463 mil huit Cent Cinquante sept ; Que de leur coté, la demoiselle Caron
702 1405 2753 1528 et le sieur Laquine se sont engagés à lui payer la somme de soixante
683 1493 2711 1628 francs par mois pour la nourriture des dites apprenties et celle de
706 1593 2749 1739 quinze francs, aussi par mois, pour les leçons d'écriture et de lecture
695 1689 2753 1835 qu'ils devaient recevoir chez elle ; Que les défendeurs ayant laissé
710 1789 2784 1908 plusieurs mois s'écouler sans payer lui doivent la somme de quatre
702 1873 2776 1996 Cent vingt huit francs et retirent les apprenties sans s'acquitter envers
710 1966 2784 2112 elle ; De son coté la demoiselle Caron se présenta et exposa au Conseil
714 2069 2784 2188 que la demoiselle Laflesselle s'est engagée à donner des leçons de
718 2158 2768 2292 lecture et d'écriture à ses filles ; que l'ayant jamais rempli cette
721 2254 2780 2380 Condition de l'apprentissage pour laquelle elle se fesait payer elle a
714 2365 2795 2480 cru être en droit de retirer ses filles et de se refuser au paiement de la
729 2446 2795 2580 somme de quatre Cent vingt huit francs qu'elle ne devrait que si
721 2542 2810 2688 les conditrons de l'apprentissage avaient été remplies. Lequine ne
733 2630 2826 2760 Comparant pas. Les parties n'ayant pu être Conciliées la cause fut renvoyée
710 2722 2772 2860 devant le Bureau Général dudit Conseil séant le vendredi onze Juin
702 2810 2837 2960 mil huit Cent Cinquante huit. Cités pour le dit jour onze Juin Lequine
721 2903 2833 3060 ne Comparut pas et la demoiselle Caron Comparut. A l'appel de
698 2995 2837 3141 la cause la demoiselle Laflesselle se présenta et conclut à ce qu'il plut
706 3087 2822 3244 au Bureau Général dudit Conseil Condamner la demoiselle Caron
698 3171 2822 3348 et Lequine solidairement à lui payer avec intérêts suivant la loi de
687 3271 2837 3444 somme de quatre cent Vingt huit francs qu'ils lui doivent pour prix
714 3375 2807 3540 de la nourriture et de l'instruction données aux mineures Ernestine
706 3467 2799 3640 et Zoé Caron pendant leur séjour dans ses ateliers ; Dire et ordonner
706 3555 2853 3724 que dans le jour du jugement à intervenir les mineures Ernestine et
737 3644 2845 3832 Zoé Caron seront tenues de rentrer dans ses ateliers pour y continuer
733 3732 2841 3916 leur apprentissage dans les conditions établies par les conventions
718 3832 2841 4020 verbales en date du huit avril mil huit Cent Cinquante sept, sinon
721 3932 2803 4124 et faute par elles de ce faire et par la demoiselle Caron, leur mère,
721 4047 2849 4266 et par Léquine de les y contraindre Condamner dès à présent la
