4608 3072
1280 240 3632 381 Général jugeant en premier ressort ; Dit et ordonne que dans le jour
1233 355 3637 488 de la signification du présent jugement Levinslin sera tenu de
1221 463 3624 609 faire entrer sa fille Fanny dans les ateliers de la dame Chardon
1249 576 3632 739 pour y continuer son apprentissage, sinon et faute par lui de ce
1233 701 3642 842 faire dans le dit jour et icelui passé ; Condamne dès à présent
1226 819 3671 952 les Vingel Levinslin, ès nom et qualités qu'il agit, à payer
1236 934 3642 1067 avec intérêts suivant la loi aux époux Chardon la somme de Trente
1233 1062 3658 1182 francs à titre d'indemnité ; Le Condamne en outre aux dépens
1244 1164 3650 1292 taxés et liquidés envers les demandeurs à la somme de Trois francs
1218 1282 3645 1413 soixante seize centimes, et à celle de deux francs vingt Cinq Centime
1241 1387 3660 1530 envers le Trésor Public, pour le papier timbré de la présente minute
1251 1520 3653 1646 Conformément à la loi du sept août mil huit Cent Cinquante , ence
1244 1633 3650 1756 non Compris le cout du présent jugement, la signification d'icelui et
1244 1745 3619 1925 ses suites. Ainsi jugé les jour mois et an que dessus.
2012 2782 2816 2931 Du dit jour onze Juin
1272 2869 3578 3036 Entre Mademoiselle Amélie Laflesselle, fleuriste
