3072 4608
672 207 2768 384 elle devant le dit conseil en exécution de convention verbale d’apprentissage
687 326 2737 456 ou en paiement d’une indemnité. La demoiselle Bourguignon se
660 426 2745 541 présenta et exposa au Conseil que suivant Convention verbale
679 506 2707 633 d’apprentissage en date du quinze mars mil huit cent cinquante
679 587 2730 721 sept le veuve Baucher a placé sa fille mineure Augustine chez elle
672 679 2711 833 pour deux années à partir du dit jour : que pendant toute la durée
675 779 2776 913 de la première année le travail de l’apprentie ne devait pas être rétribué
660 871 2730 1002 mais qu’elle devait lui payer la somme de cinquante centime par
679 963 2668 1094 chaque jour de travail pendant la deuxième et dernière année ;
664 1056 2726 1175 Qu’après sept mois d’exécution la dame veuve Baucher lui avait
664 1144 2764 1286 retiré l’apprentie sans aucun motif – Le sieur Lavoisier se présenta
675 1244 2726 1370 au nom de la dame Baucher pour laquelle il déclara se porter fort
679 1332 2772 1474 et exposa au Conseil que l’apprentie a été placée chez la demanderesse
668 1420 2741 1559 pour deux années ; que lorsqu’on lui confia la Direction de
652 1512 2760 1658 la jeune personne sa mère la croyait  mariée, mais qu’ayant depuis
622 1608 2753 1739 apris qu’elle vivait en concubinage, et ayant d’ailleurs à lui reprocher de
641 1701 2795 1858 laisser tenir par ses ouvrières et dans ses ateliers des propos qu’une
668 1797 2757 1923 jeune personne ne  peut entendre on la lui avait retirée – Le Bureau
675 1889 2718 2046 Particulier après avoir entendu les parties dut d’avis que la veuve
652 1989 2780 2150 Baucher devait faire rentrer sa fille dans les atelier de sa patronne,
656 2081 2741 2250 sinon qu’elle serait tenue, sous la garantie de monsieur Lavoisier,
652 2188 2661 2319 à lui payer la somme de deux cent francs à titre d’indemnité.
622 2284 2749 2438 Les parties ayant accepté cette proposition de conciliation la cause
648 2373 2780 2530 fut Conciliée. La veuve Baucher n’ayant pas rempli les conditions
641 2472 2780 2638 de la conciliation fut de nouveau appelée à comparaitre par devant
618 2561 2726 2714 le Bureau Particulier du Conseil séant le mardi cinq janvier
614 2657 2768 2822 mil huit cent cinquante huit. A l’appel de la cause la demoiselle
606 2757 2718 2903 Bourguignon demande paiement de la somme de deux cent
610 2849 2776 3022 francs à titre d’indemnité, se fondant sur ce que la veuve Baucher
629 2964 2734 3110 n’a pas renvoyé sa fille aussitôt après la conciliation du vingt
606 3060 2741 3225 un novembre dernier. La veuve Baucher se présenta et
614 3168 2776 3325 exposa au Conseil être disposée à faire continuer l’apprentissage
622 3256 2734 3417 de sa fille et déclara ne l’avoir gardée près d’elle que pour en
602 3359 2734 3509 recevoir les soins que son état de maladie exigeait. Les parties
614 3459 2784 3594 n’ayant pas pu être conciliées la cause fut renvoyée devant le Bureau
595 3559 2772 3709 Général du dit Conseil séant le vendredi huit janvier mil huit
564 3655 2753 3805 cent cinquante huit. Cités pour le dit jour huit janvier la veuve
595 3759 2722 3889 Baucher, le sieur Lavoisier et les époux Eudeline Comparant.
606 3859 2787 3985 A l’appel de la cause la demoiselle Bourguigon conclut à ce qu’il
606 3959 2757 4097 plut au Bureau Général du dit Conseil condamner la veuve
599 4043 2749 4224 Baucher à lui payer avec intérêt suivant la loi la somme de
