4608 3072
547 775 1187 888 Séant en Bureau
535 826 1290 962 Particulier le samedi
532 921 1287 1047 trente Janvier mil hui
517 1013 1200 1144 cent cinquante sept
550 1126 1200 1356 renvoi approuvé
1354 230 3852 399 vingt neuf janvier mil huit cent cinquante huit Mouiller fit citer
1331 335 3868 514 Vercruitz à comparaitre pardevant le dit conseil de Prud’hommes
1336 455 3898 647 pour se concilier si faire se pouvait sur la demande qu’il entendait former
1338 583 3845 747 contre lui devant le dit conseil en restitution de la somme de dix huit
1346 693 3883 857 francs trente  centimes, laquelle somme lui a été donnée en paiement d’un
1356 796 3868 975 travail qu’il devait faire qu’il n’a pas fait. A l’appel de la cause
1361 926 3883 1085 Mouiller se présenta et exposa au Conseil qu’ayant donné un habit à
1318 1047 3880 1208 confectionner à Vercruitz, et lui ayant payé le prix de la façon à
1300 1157 3916 1320 l’avance il se croit fondé à lui demander la restitution de la somme payée
1349 1292 3886 1428 (dix huit francs trente centime), puisqu’il lui a renvoyé l’habit sans être
1310 1405 3898 1541 fait. Vercruitz se présenta et exposa au Conseil que ne pouvant assurer
1285 1528 3880 1664 pouvoir terminer l’habit pour le jour fixé par son patron il préféra
1336 1658 3898 1792 le faire renvoyer non terminé quelque jour à l’avance afin qu’il puisse
1361 1766 3906 1899 faire terminer par un autre ouvrier. Il reconnut avoir à rendre une
1280 1886 3919 2032 partie de la somme touchée, mais non le tout puisqu’il a mis l’habit à
1300 1996 3898 2119 l’essayage. Le bureau Particulier fut d’avis que Vercruitz ayant mis
1303 2135 3955 2255 l’habit à l’essayage, travail estimé à six francs, il n’avait que la somme
1308 2237 3962 2380 de douze francs à remettre à son patron. Il engagea les parties à accepter
1297 2360 3911 2511 cette proposition de conciliation. Les parties n’ayant pu être conciliées
1292 2488 3947 2649 la cause fut renvoyée devant le Bureau Général du dit Conseil séant le
