4608 3072
1395 378 3576 535 l’employait tout le temps à faire des courses et à des travaux d’homme
1400 476 3591 637 de peine, ce qui avait déterminé chez l’enfant plusieurs maladies graves
1382 576 3591 721 elle avait cru pouvoir le retirer. Le Bureau Particulier fut d’avis que
1384 670 3563 824 le mineur Joseph Reymont devant rentrer chez Bonnefoy pour
1392 773 3599 929 y continuer son apprentissage pendant deux années à partir du jour
1390 875 3550 1003 de son entrée, que Bonnefoy ne devait l’employer qu’au travaux
1387 977 3596 1123 de sa profession, jamais à porter des fardeaux ni trainer de voiture
1384 1080 3614 1210 ainsi qu’il l’a fait jusqu’à ce jour. Il fut d’avis aussi que si la dame
1395 1180 3568 1310 veuve Reymont s’opposait à la rentrée de son fils elle serait dans
1372 1292 3584 1418 ce cas tenue de payer à Bonnefoy la somme de centre francs à titre
1382 1387 3584 1525 de dommage-intérêts. Les parties ayant consenti à faire continuer
1369 1492 3601 1628 l’apprentissage dans les condition posées par le Bureau Particulier
1377 1607 3609 1722 la cause fut conciliée. Par lettre du secrétaire du dit conseil en date
1359 1717 3619 1843 du Mardi vingt six janvier mil huit cent cinquante huit la
1379 1804 3637 1966 dame veuve Reymont fit citer Bonnefoy à comparaître pardevant
1351 1920 3632 2035 le Bureau Particulier suant le Mercredi vingt sept janvier mil huit
1356 2022 3622 2135 cent cinquante huit pour se concilier sur la demande qu’elle entendait
1336 2127 3596 2245 former contre lui devant le dit Conseil en résolution des conventions
1338 2232 3624 2368 verbales d’apprentissage consenties pour son fils attendue que contrairement
1336 2344 3573 2457 à l’engagement pris devant le Bureau Particulier du douze
1338 2442 3653 2598 décembre dernier il a continué à employer son fils à porter des fardeaux
1349 2562 3640 2700 et à traîner la voiture. A l’appel de la cause le veuve Reymont se
1303 2667 3627 2803 présenta et exposa comme dessus. De son coté Bonnefoy se
1331 2780 3648 2905 présenta et exposa au conseil qu’il n’a jamais commandé l’apprentis
1354 2890 3635 3036 de traîner la voiture ni de porter aucun fardeau, que s’il l’a fait il n’a put
