4608 3072
1518 1384 3622 1525 doivent pour prix de travaux faits par la dame Grad pour leur compte
1536 1497 3609 1607 et d’après leur ordres, plus une indemnité de quatre francs cinquante
1520 1584 3617 1704 centimes pour temps perdu ; Les condamner en outre aux dépens
1515 1687 3614 1789 taxés et liquidé en vers les demandeurs à la somme de trois francs
1510 1794 3630 1922 soixante sept centimes, et à celle de un franc quatre vingt centimes
1546 1894 3619 2001 envers le Trésor Public pour  le papier timbré de la présente minutes,
1525 1984 3622 2122 le papier timbré et l’enregistrement de la citation, conformément à la
1525 2091 3632 2232 loi du sept aout mil huit cent cinquante, ence, non compris le cout du
1530 2183 3632 2319 présent jugement, la signification d’icelui et ses suites. Et vu les articles 435
1536 2275 3640 2432 du code de procédure civile, 27 et 42 du décret du onze juin 1809 pour signifier
1520 2375 3632 2542 aux défendeurs le présent jugement, commet Fontaine, un de ses huissier audiencier.
1515 2496 2854 2736 Ainsi jugé les jour, mois et an que dessus.
