4608 3072
1282 125 3888 291 signification du présent jugement la dame veuve Bouquet sera tenue de
1231 248 3898 417 faire rentrer a fille chez les époux Yékiche pour y continuer son apprentissage
1280 368 3875 522 aux termes de la convention verbale du quinze octobre mil huit cent cinquante
1269 486 3860 660 six, sinon et faut par elle de ce faire la convention verbale dont s’agit
1292 606 3880 762 sera et demeurera résolu ; Et pour le tors que l’inexécution de cette
1308 727 3883 878 convention cause aux époux Yékiche Condamne dès a présent
1223 855 3883 998 la veuve Bouquet à leur payer avec intérêts selon la loi la somme
1300 977 3855 1126 de trois cent francs ; Ordonne l’exécution provisoire du présent
1303 1103 3919 1249 jugement, nonobstant appel jusqu’à concurrence de deux cents francs,
1267 1213 3898 1338 nonobstant appel et sans qu’il soit besoin par les demandeurs de fournir
1267 1331 3893 1479 caution, conformément à l’article quatorze de la loi du premier juin
1259 1461 3904 1597 mil huit cent cinquante trois ; Condamner la veuve Bouquet  aux
1285 1564 3888 1717 dépens  taxés et liquidés en vers les demandeurs à la somme de de trois
1269 1689 3924 1858 francs trente six centimes, et à celle de deux francs vingt cinq centimes
1262 1812 3952 1973 envers le Trésor Public pour le papier timbré de la présent minute, le
1274 1920 3957 2112 papier timbré et l’enregistrement de la citation, conformément à la loi
1274 2053 3904 2227 du sept aout mil huit cent cinquante, ence, non compris le cout du
1259 2160 3988 2355 présent jugement, la signification d’icelui et ses suites. Et vu les articles
1295 2304 3957 2470 435 du code de procédure civile, 27 et 42 du décret du onze juin 1809 pour
1285 2408 3947 2608 signifier à la défenderesse le présent jugement, commet Fontaine, l’un de ces
1280 2547 3719 2749 huissiers audiences. Ainsi jugé les jour, mois et an que dessus.
