4608 3072
1433 271 3522 399 Condamner Cahen frères à lui payer avec intérêts suivant la loi
1420 363 3520 494 la somme de cent soixante deux francs se composant de celle
1395 463 3527 596 de Cinquante francs pour diverses fournitures et façons qu'il a
1408 565 3514 693 payées pour leur compte et de celle de Cent douze francs à
1418 660 3504 801 titre d'indemnité de renvoi instantané et sans motif et les
1415 762 3517 903 condamner en outre aux dépens. De leur coté Cahen frères se
1415 865 3517 993 présentèrent par l'un d'eux lequel conclut à ce qu'il plut au
1436 954 3537 1098 Bureau Général dudit Conseil Attendu qu'ils ne doivent rien
1410 1057 3530 1200 à Ecot soit au titre d'avances par lui faites soit pour salaire
1415 1154 3520 1295 Attendu qu'ils consentent à le laisser jouir du local dans lequel
1408 1251 3504 1397 il est installé jusqu'au huit Juillet prochain ; Attendu que
1405 1346 3512 1495 s'ils l'ont remercié en ne le prévenant que huit jours à l'ava
1402 1459 3504 1600 c'est que soit par incapacité, négligeance ou malveillance
1405 1553 3499 1692 il leur a fait perdre pour environ douze mille francs de
1402 1643 3545 1802 matières pendant les quelques mois qu'il a dirigé leur fabrique ;
1400 1740 3509 1894 que d'ailleurs ce délai de huit jours est suffisant et conforme à
1405 1850 3504 1994 ce qui est généralement fait dans la fabrique de Chapellerie ;
1377 1945 3514 2109 Par ces motifs — Le Bureau Déclarer Ecot non recevable
1405 2053 3517 2206 en ses demandes ; l'en d'ébouter comme mal fondé en icelle et
1392 2142 3507 2306 le Condamner aux dépens. Point de droit — Doit on condamner
1400 2240 3507 2406 Cahen frères à payer à Ecot la somme de cent soixante deux
1405 2334 3502 2503 francs pour avancer faites pour payer des francs et pour
1420 2437 3471 2608 indemnité de renvoi instantané ? Doit on dire que les
1413 2547 3489 2698 dits Cahen frères seront tenus de laisser Ecot jouir jusqu'au
1413 2634 3504 2810 huit Juillet prochain du local dépendant de leur fabrique dans
1400 2721 3491 2908 lequel il est installé ? Ou bien doit-on dire que Cohen frères
1402 2821 3481 3010 ne doivent rien à Ecot à titre d'avances qu'il aurait faites à
