4608 3072
737 1328 1305 1438 au jour de leur entrée
739 1418 1018 1733 Chez eux
1387 286 3530 407 la remise de leur livret, ce qui leur fut refusé par les demandeurs
1392 389 3527 504 qui prétendaient les obliger quand même à conduire ce métier .
1392 473 3517 614 Ils conclurent à ce qu'il plut au Bureau Général du dit Conseil leur
1379 586 3527 716 adjuger le bénifice des conclusions par eux prises dans la citation
1390 680 3522 811 exploit de Potin ; De leur coté les défendeurs comparurent par
1382 780 3527 916 Fleury, l'un d'eux, lequel conclut à ce qu'il plut au Bureau Général
1392 875 3535 1013 dudit Conseil attendu qu'il est d'usage dans leur industrie que
1372 980 3535 1128 les Patrons se préviennent réciproquement huit jours à l'avance lorsqu'ils
1367 1082 3532 1228 sont pour se quitter afin de ne pas se nuire mutuellement, attendu
1356 1198 3496 1326 que les demandeurs ont, après deux jours de présence dans leurs
1384 1295 3530 1428 ateliers, abandonné leurs travaux et declaré ne vouloir les continuer
1377 1390 3522 1536 Attendu qu'en agissant ainsi les demandeurs n'ont pas rempli leurs
1361 1489 3530 1628 devoirs envers eux ; qu'ils sont en droit de refuser la signature de leur
1377 1589 3532 1735 livret ; que l'ayant fait signer auj signé et fait légaliser par
1379 1699 3525 1832 qui de droit ils se refusent de le signer au jour de leur sortie jugé s
1369 1789 3489 1950 Ce qu'ils aient satisfait aux conditions établis par l'usage ; Par
1351 1896 3507 2050 ces motifs — Et attendu qu'ils offrent de payer aux demandeurs la
1338 2017 3502 2147 somme qui leur est due pour salaire ; Dire et ordonner que dans
1341 2104 3520 2247 le jour du jugement à intervenir les demandeurs seront tenus de
1361 2204 3504 2352 rentrer dans leurs ateliers pour y travailler pendant huit jour
1331 2296 3481 2462 suivant l'usage, sinon et faute par eux de ce faire les déclarer
1344 2411 3473 2562 nonrecevable en leur demande en signature de livret ; Les
1367 2501 3502 2654 déclarer dans tout les cas, nonrecevables en leur demande en
1354 2593 3496 2752 indemnité pour perte de temps par suite du refus de signature de
1359 2688 3489 2846 livret et les condamner aux dépens. Point de droit — Doit on
1351 2787 3491 2941 condamner Ritaud, Fleury et compagnie à payer solidairement
1359 2880 3456 3046 à Weltzer et Quivriez la somme de quatre francs à chacun d'eux
