4608 3072
1315 337 3596 552 attendu que la chemise a été rendue invendable par la demoiselle
1305 435 3589 657 qui l’a salie en la confectionnant ; Par ces motif et attendu que
1315 532 3604 757 la chemise est à sa disposition pour le prix  qu’il lui a été vendue dire
1313 637 3622 849 la demoiselle Marghen non recevable en sa demande et la condamner
1320 755 3614 960 aux dépens. Pont de doit - Devait-on condamner la veuve Montré
1331 844 3614 1064 à payer à la demoiselle Marghen la somme de six francs soixante
1333 934 3622 1162 quinze centimes pour la façon d’une chemise ? Ou bien devait-on dire
1338 1052 3624 1264 que la chemise dont la demoiselle Marche réclame la façon lui ayant
1331 1146 3614 1369 été vendue par la défenderesse il n’y a lieu à lui en payer la façon ;
1346 1264 3650 1472 En conséquence la déclarer non recevable en ses demandes ?  Que devait-
1323 1356 3660 1587 il être statué à l’égard des dépens ?  Après avoir entendu les parties en leurs
1338 1474 3673 1681 demandes et conclusions respectivement et en avoir délibéré conformément
1359 1576 3640 1792 à la loi ; attendu qu’il est constant que la demoiselle Marghen qui
1367 1684 3665 1912 depuis un certain laps de temps travaille pour la veuve Montré  lui a
1356 1797 3663 2001 commandé une chemise, ; mais attendu que résulte des explications
1359 1904 3650 2122 des parties que cette chemise à été par la veuve Montré coupé trop
1351 2027 3694 2232 étroite dans toutes ses parties, qu’il s’en suit que la demoiselle s’en est
1331 2129 3688 2334 vue forcée de la lui rendre et d’en réclamer la façon ; attendu que
1359 2240 3696 2444 la chemise n’ayant pu être acceptée par le fait de la veuve Montré
1354 2347 3724 2554 c’est à tors qu’elle refuse d’en payer le prix de façon ; attendu qu’en
1374 2457 3706 2680 ne comparaissant pas devant les Bureaux Particuliers du Conseil la
1379 2557 3714 2764 veuve Montré à fait perdre du temps à la demoiselle ; qu’elle doit
1377 2685 3535 2882 l’indemniser de cette perte ; Par ces motifs - le Bureau Général
1418 2764 3673 2995 jugement en dernier ressort - Condamne la veuve Montré à payer
