4608 3072
1418 220 3535 389 la cause fut renvoyée devant le Bureau Général du dit Conseil séant le
1400 317 3532 478 Vendredi neuf janvier mil huit cent cinquante huit et ajourné
1425 419 3545 568 au vendredi cinq février suivant mois. Cité à comparaître le dit jour
1405 514 3532 670 cinq Février par exploit de Potin, huissier à Paris en date du premier
1390 611 3555 768 Février mil huit cent cinquante huit, visé pour timbre et enregistré à Paris
1402 711 3560 862 Le deux Février mil huit cent cinquante huit, en délié de un franc soixante
1397 816 3555 960 centimes, folio soixante quatre, case neuf , signé : L. Drevon la dame
1410 919 3563 1064 veuve Ribon et Duchesne ne comparurent pas. A l’appel de la cause
1379 1021 3555 1157 les époux Maillot comparurent er conclurent à ce qu’il plut au Bureau
1377 1123 3573 1274 Général dudit Conseil donner défaut contre la veuve Ribon et Duchesne
1384 1244 3591 1372 non comparants ni personne pour eux quoique dument appelés ; Et pour
1369 1336 3566 1477 le profit du dit défait les condamner à leur payer solidairement et
1379 1456 3578 1566 avec intérêts suivant la loi la somme de cinquante trois francs trente
1344 1548 3584 1676 cinq centimes qu’ils leur doivent pour prix de travaux faits par la dame
1361 1661 3589 1779 Maillot pour leur compte et d’après leurs ordres, plus un indemnité
1336 1774 3586 1884 pour le préjudice de perte de temps qu’ils leur ont fait éprouver en ne comparant
1367 1866 3599 1994 pas devant les Bureaux du Conseil et les dépens. Point de droit - Devait-on
1356 1981 3599 2096 donner défaut contre la veuve Ribon et la dame Duchesne non comparants
1361 2094 3601 2219 ni personne pour eux quoique dument appelés et pour le profit adjuger
1361 2193 3596 2316 aux demandeurs les conclusions par eux précédemment prises ? Que
1354 2298 3601 2419 devait-il être statué à l’égard des dépens ? Après avoir entendu les époux
1356 2406 3607 2544 Maillot en leurs demandes et conclusions et en avoir délibéré conformément
1349 2521 3622 2639 à la loi ; attendu que la demande des époux Maillot parait juste et fondée ;
1341 2618 3635 2769 Que d’ailleurs elle n’est pas contestée par les défendeurs non comparants
1346 2731 3627 2892 ni personne pour eux quoique dument appelés ; attendu qu’en ne
