3072 4608
1282 1785 1950 1950 Du dit jour huit Janvier
702 1877 2872 2058 Entre Monsieur Favier, chef d’atelier passementier, demeurant
702 1992 2837 2142 et domicilié à Paris, quai Jemmappes, numéro deux cent
691 2088 2895 2242 soixante, demandeur ; Comparant ; D’une part ; Et Monsieur
702 2188 2837 2342 Touler, fabricant de tissus, demeurant  et domicilié à Paris, rue
679 2288 2880 2434 Saint Denis, numéro soixante quatre ; Défenseur ; Comparant ;
672 2388 2837 2545 D’autre part ; Point de faits -  Par lettre du secrétaire du Conseil
675 2488 2872 2645 de Prud’homme du Département de la Seine, établi à Paris pour
652 2584 2891 2734 l’industrie des tissus, en date jeudi trois et cinq Décembre
652 2688 2876 2853 mil huit cent cinquante sept Favier fit citer Touler à comparaitre
652 2787 2895 2941 pardevant le conseil de Prud’hommes séant en Bureaux Particuliers
652 2891 2887 3037 les samedi cinq et lundi sept Décembre mil huit cent cinquante
637 2987 2918 3152 sept pour se concilier si faire se pouvait sur la demande qu’il entendait
637 3098 2833 3237 former contre lui devant le dit conseil en règlement d’un compte
652 3202 2899 3336 de travail par lui fait pour son compte et d’après ses ordres. Touler
637 3302 2929 3440 n’ayant pas comparu la cause fut renvoyée devant le Bureau Général
652 3398 2910 3544 du dit conseil séant le vendredi seize Décembre mil huit cent cinquante
614 3494 2845 3632 sept. Cité  pour le dit jour onze Décembre Touler comparut.
637 3598 2880 3755 A l’appel de la cause Favier se présenta et conclu à ce qu’il plut
622 3701 2876 3855 au Bureau Général du dit Conseil Condamner Touler à lui payer
610 3809 2868 3943 avec intérêt suivant la loi la somme de deux cent quatre vingt quinze
610 3905 2864 4055 francs cinquante centimes,, se composant de celle de cent quatre vingt
599 4008 2860 4158 quinze pour le prix de seize cent mètres de galon à raison de
614 4108 2830 4273 quinze francs les cent mètres ; celle de vingt cinq francs cinquante
552 4216 2841 4377 centimes pour le dévidage de trente quatre Kilogrammes de coton
610 4335 2741 4527 à raison de soixante quinze centimes le Kilogramme ; celle de
768 330 2887 491 et à celle de soixante quinze centimes envers le trésor public pour
768 433 2895 599 le papier timbré de la présente minute, le papier timbré , conformément à la loi du
764 529 2926 698 sept aout mil huit cent cinquante, ence,  non compris le cout du présent
768 629 2906 794 jugement, la liquidation d’icelui et  ses suites. Et vu les articles 435 du
744 714 2918 890 code de procédure civile, 27 et 42 du décret du onze juin 1809 pour signifier
752 806 2933 994 aux défendeurs le présent jugement, Commet Fontaine, l’un de ses huissiers
729 913 2549 1094 audienciers. Ainsi jugé les jour mois et an que dessus.
