4608 3072
1633 893 3077 1088 Du dit jour Cinq Février
893 1082 4008 1259 Entre Monsieur Auguste Bénard, ouvrier, demeurant à
824 1249 4016 1408 Clichy la garenne près Paris, rue Landy, numéro quatre ;
811 1395 4034 1569 Demandeur ; Comparant d’une part ; Et Monsieur Brision,
814 1564 4014 1753 apprêteur sur étoffes, demeurant et domicilié à Batignolles près
819 1722 4032 1889 Paris, Cité des fleurs, numéro trente neuf à Batignolles et route
798 1889 4037 2048 d’asnières, numéro soixante trois, au village le Vallois ; Défendeur ;
798 2024 4032 2209 Défaillant ; D’autre part ; Point de fait - Pars lettres du secrétaire
819 2211 4044 2460 du Conseil de Prud’homme du Département de la Seine pour
