4608 3072
1377 622 3791 803 vendredi cinq février mil huit cent cinquante huit. Cité pour le dit jour
1359 716 3755 908 cinq février Vercruitz se présenta. A l’appel de la cause Mouiller se
1351 829 3737 1021 présenta et conclut à ce qu’il plut au Bureau Général du dit conseil
1374 934 3742 1111 condamner Vercruitz à lui restituer la somme de dix huit francs
1359 1041 3783 1236 trente centimes, laquelle somme lui a été payée par avance pour la
1338 1167 3773 1354 façon d’un habit qu’il n’a pas fait, et le condamner aux dépens.
1351 1290 3788 1464 De son coté Vercruitz se présenta et conclut à ce qu’il plut au Bureau
1367 1384 3796 1569 Général attendu que s’il n’a pas terminé l’habit pour lequel il a reçu
1361 1495 3763 1674 la somme de dix huit francs trente centimes c’est ne pouvait le faire
1285 1620 3791 1779 pour le jour fixé pas son patron ; qu’il a su agir dans l’intérêt de son
1331 1730 3778 1896 patron en le lui renvoyant quelques jours auparavant afin de lui permettre
1346 1838 3783 2001 de le faire terminer par un autre ouvrier ; attendu qu’il a mis l’habit
1344 1953 3704 2109 à l’essayage et que ce travail doit lui être payé. -Par ce motif –
1346 2060 3781 2204 Dire que Mouiller est mal donné à lui réclamer la somme intégrale
1333 2181 3745 2332 payée par avance pour la façon de cet habit, lui accorder termes et
1331 2301 3763 2442 délais pour payer la somme que le Conseil croira devoir fixer en
1320 2411 3781 2539 tenant compte de cette mise à l’essayage et condamner Mouiller aux
1336 2516 3796 2657 dépens. Point de droit – Devait-on condamner Vercruitz à payer
1333 2636 3760 2759 à Mouiller la somme de dix huit francs qu’il reçut à l’avance d’un
1313 2744 3783 2890 prix de façon d’habit qu’il était engagé à faire et qu’il n’a pas fait ?
