4608 3072
1999 2001 2862 2140 Du dit jour cinq Février
1277 2053 3735 2275 Entre Monsieur Alphonse Mouiller, Tailleurs d’habits,
1256 2191 3745 2383 demeurant et domicilié à Paris, rue Saint Honoré, numéro trois cent
1231 2304 3765 2516 quarante huit ; Demandeur ; Comparant ; D’une part ; Et Monsieur
1282 2424 3755 2636 Vercruitz, ouvrier tailleur, demeurant à Paris, rue Leregattier
1244 2539 3776 2757 (ile saint-Louis) numéro deux ; Défendeur ; Comparant ; D’autre part ;
1233 2662 3778 2874 Point de fait – Par lettre du secrétaire du Conseil de Prud’homme du
1231 2769 3773 3046 Département de la Seine pour l’industrie des tissus en date du vendredi
1256 601 3640 724 liquidés envers les demandeurs à la somme de un francs vingt centimes
1267 696 3665 837 à celle de soixante quinze centimes envers le Trésor Public pour le prix du papier
1216 806 3665 960 timbré de la présente minute, conformément à la loi du sept aout mil
1203 934 3668 1070 huit cent cinquante, ence, non compris le cout du présente jugement, la
1228 1031 3696 1236 signification d’icelui et ses suites. Ainsi jugé les jour, mois et an que dessus.
