3072 4608
760 403 2741 564 Commet Fontaine, l’un de ses huissiers audienciers. Ainsi
744 514 2054 691 jugé les jour mois et an que dessus.
1355 1221 2039 1378 Du jour huit Janvier
741 1263 2776 1466 Entre Monsieur Louis  Damourette, agissant au nom et comme
706 1393 2722 1536 chargé de l’administration des biens et de la personne de sa fille
702 1486 2730 1635 mineure Maria Damourette, ouvrière demeurant le dit
695 1578 2722 1731 Damourette, à Paris, rue Saint Lazare, numéro cent six ;
691 1655 2726 1804 Demandeur ; Comparant ; D’une part ; et Monsieur
695 1751 2768 1919 et Madame Furstenorff, le dit sieur Furstenorff tant en son
706 1847 2768 2004 nom personnel que pour assister et autoriser la dame son épouse
675 1931 2776 2104 fabricante de fleurs artificielles, domiciliés à Paris, même adrese
687 2035 2764 2181 que dessus rue de Choiseul, numéro premier ; Défenseurs ;
679 2119 2749 2277 Défaillant ; D’autre part ; Point de fait – Par lettre du
687 2219 2784 2365 secrétaire du Conseil de Prud’homme du Département de la Seine
672 2311 2768 2453 pour l’industrie du tissus, en date des vingt un Décembre mil huit
668 2407 2730 2549 cent cinquante sept Damourette es noms qu’il agit fit citer
675 2499 2749 2638 les époux Firstenorff à comparaitre par devant le conseil de
668 2588 2753 2749 Prud’hommes séant le mardi vingt deux Décembre pour se
648 2688 2741 2822 concilier si faire se pouvait sur la demande qu’elle entend former
660 2787 2776 2922 contre eux devant le dit conseil en paiement de la somme de trente
652 2876 2768 3018 sept francs quarante centimes qu’il prétend lui être due pour travaux
637 2968 2768 3121 de sa fille pour leur compte et d’après leurs ordres. A l’appel de la
641 3068 2772 3210 cause Damourette se présenta et exposa que les époux Furstenorff
652 3171 2699 3310 étaient débiteur de la somme de trente sept francs quarante
645 3267 2795 3402 centimes envers sa fille pour travaux par elle faits ? La dame Furstenorff
637 3367 2764 3502 @@@&@se présenta et exposa au Conseil qu’ayant payé la demoiselle
625 3455 2780 3605 Damourette lors de son départ chez elle elle n’était nullement
610 3559 2764 3705 redevable de la somme réclamée. La cause en cet état fut ajournée
618 3655 2780 3809 au Mercredi vingt trois Décembre pour procéder à la vérification
625 3759 2776 3905 des livres des époux Furstenorff. A l’appel de la cause le vingt
622 3855 2772 3997 trois Décembre la dame Furstenorff ne put présenter de
610 3947 2768 4085 livres mais persista dans sa déclaration première en ajoutant
606 4058 2780 4193 que la somme réclamée semblait porter sur un travail qui ne devait
606 4143 2680 4350 pas être payé à l’ouvrière puisqu’effectué en morte saison,
