3072 4608
733 249 2764 426 des époux Lédouard parait juste et fondée ; Que d'ailleurs elle
725 357 2799 533 n'est pas contestée par les époux Trouille non comparants ni personne
718 445 2784 606 pour eux quoique dument appelés ; Attendu qu'en ne comparaissant
714 533 2787 706 pas devant les Bureaux du Conseil les époux Trouille ont causé
725 622 2791 825 aux époux Lédouard un préjudice de perte de temps, ce qu'il doivent
714 718 2753 902 réparer ; Par ces motifs - Le Bureau Général jugeant en dernier
733 821 2749 994 ressort ; Autorise la dame Trouille a ester en justice faute par
714 917 2787 1086 son mari de l'avoir fait ; Donne défaut contre les époux Trouille
702 1006 2795 1178 non comparants ni personne pour eux quoique dument appelés
710 1098 2784 1282 Et adjugeait le profit du dit défaut ; Condamne les époux Trouille
698 1194 2768 1355 à payer solidairement et avec intérêts suivant la loi aux époux Lédouard
691 1286 2768 1463 la somme de dix francs qu'ils leur doivent pour prix de travaux faits
652 1374 2757 1570 par la dame Lédouard pour leur compte et d'après leurs ordres,
702 1470 2780 1658 plus une indemnité de quatre francs Cinquante centimes pour
698 1566 2784 1747 temps perdu ; Les Condamne en outre aux dépens taxés et liquidés
702 1662 2795 1831 envers les demandeurs à la somme de deux francs dix centimes, et
687 1770 2768 1923 à celle de soixante quinze centimes envers le Trésor Public, pour le
714 1858 2784 2008 papier timbré de la présente minute conformément à la loi du sept
679 1954 2784 2127 Août mil huit Cent Cinquante, ence, non compris le cout du présent jugement
695 2054 2791 2196 la signification d'icelui et des suites. Et vu les articles 435 du code
702 2146 2768 2288 de procédure civile, 27 et 42 du décret onze juin 1809 pour signifier
675 2238 2760 2411 aux défendeurs le présent jugement, commet Potin, l'un de ses huissiers
695 2338 2534 2538 audienciers. Ainsi jugé les jour mois et an que dessus.
1313 3290 2112 3440 Du dit jour dix huit Juin
714 3379 2795 3540 Entre Madame Amélie Minguet ; épouse assistée et autorisée
706 3475 2784 3628 du sieur Mellor et ce dernier, demeurant ensemble, les dits époux
691 3567 2753 3724 à Paris rue du roule, numéro seize; la dite dame ouvrière lingère ;
691 3655 2772 3816 Demandeurs ; Comparant ; D'une part et Madame Veuve
710 3751 2741 3920 Cartigny, Lingère, demeurant et domiciliée à Paris, rue
683 3843 2757 4001 du Roule, numéro seize ; Défenderesse ; Défaillant ; D'autre
675 3939 2757 4120 part ; Point de fait — Par lettres du secrétaire du Conseil de Prud'hommes
687 4028 2753 4231 du Département de la seine pour l'industrie des tissus en dates
