4608 3072
2214 448 3066 581 Du dit jour vingt deux Janvier
1600 499 3640 678 Entre Mademoiselle Marie Maitre, demeurant à Paris, rue des
1574 627 3663 770 Bourguignons, numéro vingt neuf, agissant eu nom et comme chargé
1582 711 3671 865 de l’administration, des biens et de la personne de sa fille Marguerite
1576 801 3658 962 Maitre, apprentie ; Demanderesse ; Comparant ; D’une part ; Et
1582 901 3671 1047 Monsieur et Madame Germain, demeurant et domiciliés à Paris,
1564 1006 3673 1136 rue Meslay, numéro cinquante cinq, le dit sieur Germain tant
1571 1090 3671 1236 en son nom personnel que pour assister et autoriser la dame son épouse
1500 1180 3648 1326 fabricante de fleurs artificielles ; Défendeurs ; Défaillants ; D’autre
1574 1282 3696 1423 part ; Point de fait - Par lettre du secrétaire du Conseil de Prud’homme
1571 1382 3691 1523 du Département de la Seine pour l’industrie des tissus  en date du
1569 1477 3696 1605 Lundi dix huit Janvier mil huit cent cinquante huit la demoiselle
1569 1571 3701 1704 Maitre fit citer les époux Germain à comparaître par devant le dit Conseil
1571 1666 3709 1804 de prud’hommes du Département de la Seine pour l'industrie du tissus
1564 1766 3706 1899 séant en Bureau Particulier le Mardi dix neuf Janvier mil huit
1541 1879 3706 1991 cent cinquante huit pour se concilier si faire se pouvait sur la demande
1561 1966 3688 2088 qu’elle entendait former contre eux devant le dit Conseil en exécution
1556 2065 3724 2193 de Convention verbale d’apprentissage. A l’appel de la cause la demoiselle
1571 2168 3706 2298 Maitre, ès nom qu’elle agit, se présenta et exposa au Conseil que
1559 2268 3688 2383 suivant convention verbale en date du premier octobre mil huit cent
1553 2362 3655 2485 cinquante six  elle a placé sa fille Marguerite en apprentissage chez
1536 2467 3694 2588 les époux Germain pour deux ans et demi à partir du premier
1559 2562 3712 2690 Septembre précédent à la charge par les dits époux de la nourrir et
1559 2672 3525 2790 coucher pendant toute la durée de l’apprentissage, que les époux
1556 2759 3704 2900 Germain la lui renvoyant avant l’expiration du temps fixé et
1600 2859 3706 2987 sans qu’elle sache complètement son état lui causant préjudice
