3072 4608
537 241 2611 426 quinze francs pour l’ourdissage  d’un chargement ; et enfin celle de
537 357 2615 518 soixante de soixante francs, prix de quinze journées à quatre francs
522 449 2611 614 par jours, perte de temps qu’il lui a fait éprouver en la faisant
526 541 2618 706 attendre après la matière nécessaire au travail. De son coté Touler
518 645 2615 802 se présenta et exposa au Conseil qu’il s’est opposé au paiement de
518 744 2634 894 la façon des treize cent mètres de galons pour deux causes, la première
526 833 2645 983 parce que le travail est al fait. La seconde parce que le travail, fut
510 933 2630 1082 il bien fait, ne doit être payé que douze francs les cents mètres et non
514 1029 2638 1186 quinze francs comme prétend Favier. LE Bureau Général n’ayant
506 1125 2641 1278 pas les éléments nécessaires renvoya la cause par devant un fabricant
503 1228 2618 1367 passementier et ajourna au jeudi vingt quatre Décembre pour
499 1328 2638 1470 se prononcer. Le jeudi vingt quatre Décembre Touler n’ayant
460 1432 2630 1574 pas comparu le Conseil  ordonna qu’il serait cité par  huissier et
514 1528 2638 1666 ajourna la cause au vendredi huit janvier mil huit cent cinquante
460 1628 2630 1770 huit. Cité à comparaître le dit jour  huit janvier  par exploit de Fontaine
499 1727 2649 1866 huissier à Paris, en date du deux Janvier mil huit cent cinquante
491 1827 2630 1962 huit, visé pour timbre et enregistré à Paris, le quatre janvier mil
499 1931 2630 2081 huit cent cinquante huit, en délier de deux francs vingt cinq centimes
487 2042 2634 2196 folio vingt cinq case huit signé : Drevon Toulet comparut.
499 2158 2641 2300 A l’appel de la cause Favier se présenta et conclut à ce qu’il  il plut au
460 2250 2603 2388 Bureau Général lui adjuger le bénéfice des conclusions par lui
503 2353 2645 2484 précédemment prises. De son coté Touler se présenta et conclut à ce
499 2453 2645 2576 qu’il plut au Bureau Général attendu que Favier a mal executé
479 2545 2611 2684 le travail à lui confié ; que par suite de la mal façon le marchandise
499 2645 2622 2784 lui reste pour compte ; attendu que le prix du dévidage ne se paie
499 2745 2638 2876 ordinairement que soixante centimes le Kilogramme ;  qu’il a
510 2841 2645 2995 offert de payer ce prix ; attendu aussi que Favier n’a pas perdu aucun
510 2937 2653 3083 temps à attendre la matière qui lui fut toujours donnée lorsqu’il en
468 3029 2672 3194 fit la demande ; attendu qu’il  est d’usage dans la passementerie que
487 3129 2649 3294 l’oudissage du chargement est à la charge du chef d’atelier et non
476 3225 2680 3398 à celle du fabricant. Par ces motifs Décalrer Favier non  recevable
476 3333 2668 3502 en ses demandes et le condamner aux dépens. Point de droit –
476 3425 2641 3601 Devait-on condamner Touler à payer à Favier la somme de  deux
453 3521 2641 3694 cent  quatre vingt quinze francs cinquante centimes  pour travaux
483 3617 2649 3809 et indemnité de temps perdu par sa faute ? Ou bien  devait-on
491 3728 2672 3889 dire que Favier ayant mal fait ce travail n’a aucune droit à se
476 3828 2530 3993 faire payer ; que le prix de soixante centimes par kilogramme
487 3924 2672 4101 de coton dévidé lui ayant été offert, et ce prix étant le prix ordinaire
445 4024 2649 4204 pour ce travail  il ne peut en exiger plus ; que n’ayant perdu aucun
476 4116 2680 4316 temps par la faute de Touler il n’a pas droit à l’indemnisations de
483 4216 2664 4462 soixante francs qu’il réclame ? Que devait-il être statué à l’égard
