4608 3072
1456 33 3494 158 qui de droit ils se refusent de le signer au jour de leur sortie jusqu'à
1454 120 3468 258 ce qu'ils aient satisfait aux conditions établis par l'usage ; Par
1436 227 3486 358 ces motifs — Et attendu qu'ils offrent de payer aux demandeurs la
1423 345 3486 448 somme qui leur est due pour salaire ; Dire et ordonner que dans
1433 432 3496 542 le jour du jugement à intervenir les demandeurs seront tenus de
1443 522 3499 647 rentrer dans leurs ateliers pour y travailler pendant huit jours
1418 622 3463 757 suivant l'usage sinon et faute par eux de ce faire les déclarer
1418 729 3456 834 nonrecevable en leur demande en signature de livret ; les
1436 826 3481 939 déclarer, dans tout les cas, nonrecevables en leur demande en
1423 913 3486 1034 indemnité pour perte de temps par suite du refus de signature de
1425 1006 3481 1134 livret et les condamner aux dépens. Point de droit — Doit-on
1420 1113 3494 1228 condamner Ritaud, Fleury et compagnie à payer solidairement
1415 1200 3473 1328 à Weltzer et Quivriez la somme de quatre francs à chacun d'eux
1379 1297 3486 1438 pour salaire ; Dire et ordonner que dans le jour du jugement Ritaud,
1413 1390 3473 1523 fleury et compagnie seront tenus de restituer à chacun des demandeurs
1431 1489 3484 1638 leur livret qu'ils leur retiennent indument, sinon et faute par eux de
1413 1589 3456 1720 ce faire les condamner à leur payer à chacun la somme de deux
1390 1676 3476 1827 francs par chaque jour de retard ; Condamner les défendeurs
1395 1781 3463 1930 à payer aux demandeurs la somme de vingt francs à chacun
1408 1876 3471 2030 d'eux pour le temps qu'ils leur ont fait perdre à ce jour par la
1408 1971 3466 2112 retenue de leur livret ? Ou bien doit-on dire et ordonner que
1418 2076 3453 2216 dans le jour du jugement à intervenir les demandeurs seront tenus
1395 2163 3468 2316 de rentrer dans les ateliers des défendeurs pour y travailler pendant
1384 2263 3453 2419 huit jours suivant l'usage établi entre les ouvriers et les fabricants
1379 2352 3463 2511 lorsqu'ils sont pour se quitter, sinon et faute par eux de ce faire dire
1384 2460 3445 2613 qu'ils ne pourront exiger la signature de leur livret ; Dans tous
1400 2549 3450 2718 les cas, déclarer les demandeurs non recevables en leur demande
