3072 4608
702 238 2764 407 compris le cout du présent jugement, la liquidation d’icelui et
710 360 2814 514 ses suites. Et vu les articles 435 du code de procédure civile,
687 453 2791 595 27 et 42 du décret du onze juin 1809 pour signifier au défendeur
679 549 2791 702 le présent jugement, Commet Fontaine, l’un de ses huissiers
698 645 2607 825 audienciers. Ainsi jugé les jour mois et an que dessus.
1290 1489 2142 1616 Du jour huit Janvier
668 1559 2814 1727 Entre Mademoiselle Adèle Mismaque, ouvrière demeurant à
652 1670 2768 1820 Saint Denis près Paris, rue de la Boulangerie, numéro vingt
637 1766 2791 1927 neuf ; Demanderesse ; Comparant ; D’u part ; Et Monsieur
672 1858 2764 2008 Cassal, treilleur de laine demeurant et domicilié à
641 1954 2787 2112 Saint Denis près de Paris, lieu dit la Briche ; Défendeur ;
637 2046 2764 2192 Défaillant ; D’autre part ; Point de fait ; Par lettre
652 2150 2757 2292 du secrétaire du Conseil de Prud’homme du Département
648 2246 2776 2403 de la Seine pour l’industrie du tissus, en date des jeudi dix
625 2342 2768 2496 et samedi douze Décembre mil huit cent cinquante sept la
614 2442 2657 2595 demoiselle Mismaque fit citer Cassal à comparaitre
637 2545 2753 2680 pardevant le conseil de Prud’hommes séant en Bureaux
633 2630 2799 2776 Particuliers les samedis douze et lundi quatorze Décembre
618 2734 2749 2903 mil huit cent cinquante sept  pour se concilier si faire se
614 2826 2784 2972 pouvait sur la demande qu’elle entend former contre lui
629 2933 2703 3079 devant le dit Conseil en paiement de la somme de quatorze
618 3025 2768 3187 francs qu’il lui doit pour travaux et sur celle de delai congé
602 3121 2776 3287 ou d’une indemnité pour cause de renvoi instantané et sans
599 3221 2741 3383 motif, Contrairement à l’usage et à l’égalité qui veulent
606 3325 2784 3479 que les fabricants comme ceux qu’il emploie se préviennent
595 3425 2745 3575 réciproquement un certain laps de temps à l’avance lorsqu’ils
591 3525 2776 3655 sont pour se quitter afin de ne pas se nuire mutuellement.
583 3613 2760 3763 Cassal n’ayant pas Comparu l’affaire fut renvoyé devant le
552 3717 2749 3878 Bureau Général du dit Conseil séant le vendredi dix huit
564 3816 2780 3970 Décembre mil huit cent cinquante sept et ajourné de huitaine
572 3916 2760 4062 en huitaine au vendredi huit janvier mil huit cent cinquante
537 4020 2795 4197 huit. Cité à comparaître le dit jour huit janvier par exploit de
541 4120 2780 4312 Fontaine huissier à Paris, en date du trente un Décembre
