4608 3072
1431 1036 3486 1164 comparaissant pas devant les Bureaux du Conseil les défendeurs ont causé
1384 1136 3491 1259 aux époux Maillot un préjudice de perte de temps, ce qu’ils doivent réparer.
1379 1228 3484 1364 Par ces motifs - Le Bureau Général jugeant en dernier ressort - Donne
1379 1331 3481 1477 défaut contre la veuve Ribon et Duchesne non comparants ni personne
1379 1438 3496 1564 pour eux quoique dument appelés ; Et adjugeant le profit du dit défaut, condamner
1379 1530 3499 1666 la veuve Ribon et Duschenes à payer solidairement et avec intérêts
1379 1630 3499 1771 suivant la loi aux époux Maillot la somme de cinquante trois francs
1384 1730 3496 1884 trente cinq centimes  qu’ils leur doivent pour prix de travaux faits pas la
1379 1843 3502 1999 dame Maillot pour leur compte et d’après leurs ordres, plus une indemnité
1379 1955 3499 2086 de six francs pour temps perdu ; Les condamne solidairement aux
1379 2035 3512 2206 dépens taxés et liquidés en vers les demandeurs à la somme de quatre francs
1379 2147 3504 2298 cinquante deux centimes, et à celle de deux francs cinq centimes en vers le Trésor
1379 2247 3517 2398 Public pour le papier timbré de la présente minute, le papier timbré et
1379 2357 3512 2513 l’enregistrement de la citation, conformément à la loi du sept aout
1379 2475 3517 2618 mil huit cent cinquante, en ce, non compris le cout du pressent jugement
1379 2572 3532 2764 la signification d’icelui et ses suites. Et vu les articles 435 du code de
