4608 3072
1369 314 3665 494 Conseil et les dépens. Point de droit - Devait-on donner défaut
1379 417 3660 576 contre les époux Balles non comparants ni personne pour eux quoique
1361 519 3655 688 dument appelés et pour le profit adjuger aux demandeurs les conclusions
1359 616 3627 785 par eux précédemment prises ? Que devait-on statuer à l’égard des
1364 711 3648 875 dépens ? Après avoir entendu les époux Couvreur en leurs demandes
1346 829 3658 985 et conclusions et en avoir délibéré conformément à la loi ; attendu
1349 934 3688 1085 que la demande des époux Couvreur parait juste et fondée ; que
1328 1026 3688 1205 d’ailleurs elle n’est pas contestée par les époux Balles non comparants
1341 1159 3640 1287 ni personne pour lui quoique dument appelés ; attendu qu’en ne
1351 1246 3678 1390 comparaissant pas devant les Conseil les époux Balles ont causé
1331 1361 3694 1507 aux époux Couvreur un préjudice de perte de temps, ce qu’ils doivent réparer ;
1367 1474 3701 1597 Par ces motifs - Le Bureau Général jugeant en dernier ressort ; Autorise
1367 1576 3696 1702 la dame Balles à entrer en justice faute par son mari de l’avoir fait ;
1356 1687 3719 1809 Donne défaut contre les époux Balles non comparants ni personne
1349 1799 3701 1922 pour eux quoique dument appelés ; Et adjugeant le profit du dit défaut ;
1336 1899 3681 2022 Condamne les époux Balles à payer avec intérêts suivant la loi aux
1331 2001 3709 2147 époux Couvreur la somme de dix francs qu’ils leur doivent pour prix
1356 2104 3694 2247 de travaux fait par la dame Couvreur pour leur compte, sur leurs ordres
1336 2219 3737 2373 et dans leurs ateliers, plus une indemnité de trois francs pour temps perdu ;
1326 2332 3719 2478 Les condamne en outre aux dépens taxés et liquidé en vers les demandeurs
1341 2437 3719 2583 à la somme de un franc vingt centimes, et à celle de soixante quinze
1328 2542 3724 2693 centimes envers le Trésor Public pour le papier timbré de la présente
