4608 3072
1346 378 3520 519 de Prud’hommes du Département de la Seine pour l’industrie des tissus
1341 483 3514 611 en date du Mercredi vingt Janvier mil huit cent cinquante huit la
1344 576 3512 711 demoiselle Flamand fit citer la veuve Voyon à comparaître pardevant
1328 670 3517 808 le conseil de Prud’hommes séant en Bureau Particulier le Samedi
1356 778 3535 908 vingt trois Janvier mil huit cent cinquante huit pour se concilier si
1336 880 3545 1013 faire se pouvait sur la demande qu’elle entendait former contre elle
1354 995 3555 1108 devant le dit Conseil en paiement de la somme de vingt un francs cinquante
1346 1088 3550 1216 centimes pour prix de travaux par elle faits pour son compte et d’après
1344 1182 3560 1323 ses ordres. A l’appel de la cause la demoiselle Flamand exposa qu’elle
1344 1305 3555 1431 était ouvrière à la semaine depuis cinq mois ; que le prix de la semaine
1331 1402 3578 1538 était fixé à cinq francs qu’elle recevait par à compte sans pour jamais
1323 1502 3563 1640 terminer. La veuve Voyon exposa au Conseil qu’elle reconnaissant
1326 1602 3573 1761 devoir la somme de vingt un francs cinquante centimes ; qu’elle se refuse
1351 1712 3586 1863 à la payer parce que la demanderesse avait égaré du linge dont elle
1344 1809 3589 1981 était responsable envers les clients. Le Bureau fut d’avis que la
1331 1927 3594 2096 veuve Voyon ne pouvant justifier de la perte du linge devait payer
1333 2030 3596 2196 la somme vingt un francs cinquante centimes par cinq francs
1308 2140 3607 2309 par semaine à partir du trente un janvier mil huit cent
1315 2242 3617 2408 cinquante huit ; Les parties ayant accepté cette proposition du
1351 2373 3622 2524 Bureau Particulier la cause fut conciliée. La veuve Voyon n’ayant
1326 2467 3392 2639 pas exécuté la condition de la conciliation la cause fut
1267 2572 3632 2741 devant le  Bureau Général du dit Conseil de nouveau appelé
1313 2672 3640 2859 devant le Bureau Particulier du Mardi deux Février mil huit
