3072 4608
702 272 2814 430 du jugement à intervenir Levinslin sera tenu de faire rentrer sa fille
679 368 2814 526 Fanny dans les ateliers de la dame Chardon pour y continuer son
687 456 2784 625 apprentissage sinon et faute par lui de ce faire le condamner dès
679 537 2784 725 à présent à lui payer avec intérêts suivant la loi la somme de
679 629 2741 829 Cent francs à titre d'indemnité et le condamner en outre aux
691 725 2814 898 dépens. De son coté Levinslin se présenta et conclut à ce qu'il plut
687 829 2776 1009 au Bureau Général dudit Conseil attendu qu'après six mois du
675 921 2784 1090 temps que sa fille passa chez la dame Chardon, la dite dame
679 1009 2760 1190 Chardon n'a déclaré qu'elle ne pourrait jamais en faire une
683 1125 2803 1274 ouvrière ; que le temps fixé pour l'apprentissage expiré elle
687 1209 2780 1367 ne pourrait gagner vingt cinq centimes par jour ; que c'est
679 1297 2807 1470 la seule raison qui l'a déteminé à retirer l'apprentie ; attendu
672 1401 2784 1551 que les époux Chardon n'ayant ni nourii ni logé l'apprentie
652 1493 2787 1651 n'éprouvent aucun préjudice par la rupture des Conventions verbales
668 1585 2749 1747 d'apprentissage ; Par ces motifs — Dire les conventions
664 1681 2807 1850 verbales dont s'agit purement et simplement résolues. Déclarer
664 1781 2833 1950 les époux Chardon non recevables en leurs demandes en indemnité
668 1877 2830 2058 et les Condamner aux dépens. Point de droit — Doit on dire et
664 2000 2795 2142 ordonner que dans le jour du jugement la mineure Fanny Levinslin
672 2077 2741 2238 sera tenue de rentrer dans les ateliers des époux Chardon pour y
664 2177 2799 2342 terminer son apprentissage, sinon et faute pour elle de ce faire et de
656 2269 2768 2423 son père de l'y contraindre Condamner dès à présent Levinslin à
668 2373 2810 2530 payer aux époux Chardon la somme de Cent francs à titre d'indemnités
664 2465 2784 2622 Ou bien doit-on pour les motifs renfermés dans les conclusions de
648 2565 2810 2714 Levinslin dire les conventions verbales d'apprentissage dont s'agir
648 2653 2791 2818 purement et simplement résolues ; Déclarer les époux Chardon
645 2760 2718 2899 non recevables en leurs demandes ? Que doit-il être statué à
633 2849 2807 3025 l'égard des dépens ? Après avoir entendu les parties en leurs demandes
641 2949 2810 3118 et conclusions respectivement et en avoir délibéré conformément à
633 3037 2791 3194 la loi ; Attendu qu'il est constant que des Conventions verbales sont
641 3156 2807 3298 intervenues entre les époux Chardon et Levinslin en Décembre
633 3248 2784 3402 dernier lesquelles ont fixé la durée de l'apprentissage à une année
641 3356 2795 3505 du temps de l'apprentie ; Attendu que les motifs allégués pas Levinslin
637 3448 2726 3582 pour légitimer le retrait de sa fille ne sont pas sérieux ; que le
652 3532 2780 3705 Conveil n'y reconnait aucun fait de nature à résilier les dites Conventions
614 3624 2795 3805 verbales ; que les dites conventions verbales d'apprentissage doivent avoir
637 3720 2753 3897 leur effet plein et entier, sinon Levinslin devra payer une indemnité
645 3824 2807 4008 aux époux Chardon ; mais, attendu que le Conseil trouve que la demande
648 3912 2749 4070 Cent francs faite par les époux Chardon est trop exagérée ; que celle
652 4008 2749 4197 de trente francs est suffisante pour les indemniser du temps
606 4108 2787 4335 qu'ils ont passé après l'apprentie ; Par ces motifs — Le Bureau
