3072 4608
695 192 2799 337 les époux Masson se présentèrent et conclurent à ce qu'il plut au
691 284 2764 426 Bureau Général du dit Conseil donner défaut contre Wolff non
675 384 2749 518 comparant ni personne pour lui quoique dument appelé et pour le
679 464 2818 614 profit le condamner à leur payer avec intérêts suivant la loi la somme
702 564 2841 702 de dix sept francs cinquante centimes qu'il leur doit pour prix de travaux
702 660 2814 802 faits par la dame Masson pour son compte et d'après ses ordres,
718 760 2845 913 plus telle indemnité qu'il plaira au Conseil fixer pour réparation du
672 852 2845 1009 préjudice qu'il leur a causé en ne comparaissant pas devant les Bureaux
691 948 2803 1098 du Conseil et les dépens. Point de droit - Doit-on donner défaut
695 1036 2837 1198 contre Wolff non comparant ni personne pour lui quoique dument
714 1140 2841 1297 appelé et pour le profit adjuger aux demandeurs les conclusions pour
721 1228 2872 1374 eux précèdemment prises ? que doit-il être statué à l'égard des dépens ?
672 1324 2868 1493 Aprés avoir entendu les époux Masson en leurs demandes et conclusions
718 1428 2868 1582 et en avoir délibéré conformément à la loi ; attendu que la demande
718 1516 2887 1685 des époux Masson parait juste et fondée ; que d'ailleurs elle n'est pas
729 1616 2887 1781 contestée par Wolff non comparant ni personne pour lui quoique dument
725 1712 2883 1885 appelé; attendue qu'en ne comparaissant pas devant les Bureaux du
721 1812 2872 1969 Conseil Wolff a causé aux époux Masson un préjudice de perte de temps,
721 1919 2887 2077 ce qu'il doit réparer ; Par ces motifs - Le Bureau Général jugeant
664 2004 2876 2177 en dernier ressort ; Donne défaut contre Wolff non comparant ni
741 2100 2922 2284 personne pour lui quoique dument appelé ; Et adjugeant le profit du
744 2192 2914 2369 dit défaut ; Condamne Wolff à payer avec intérêts suivant la loi
744 2307 2949 2476 aux époux Masson la somme de dix sept francs cinquante
748 2400 2937 2572 centimes qu'il leur doit pour prix de travaux faits par la dame
756 2492 2952 2684 Masson pour son compte et d'après ses ordres plus une indemnité
756 2595 2903 2764 de quatre francs cinquante centimes pour temps perdu ; Le
787 2684 2945 2872 Condamne en outre aux dépens taxés et liquidés envers les demandeurs
771 2799 2956 2964 à la somme de un franc vingt centimes, et à celle de soixante quinze
756 2891 2960 3068 centimes envers le Trésor Public pour le papier timbré de la présente
771 2991 2964 3171 minute , Conformément à la loi du sept août mil huit cent cinquante,
760 3083 2972 3279 ence, non Compris le cout du présent jugement, la signification d'icelui
768 3194 2945 3363 et ses suites .  Et vu les articles 435 du code de procédure civile, 27
775 3294 2899 3452 et 42 du décret du onze juin 1809 pour signifier au défendeur le
787 3402 2956 3590 présent jugement, Commet Potin, l'un de ses huissiers audienciers.
771 3505 2169 3747 Ansi jugé les jour mois et an que dessus.
