4608 3072
1354 348 3665 558 dépens ? Après avoir entendu les parties en leurs demandes et conclusions
1346 476 3673 652 respectives et en avoir délibéré conformément à la loi ; attendu qu’il
1344 588 3676 762 résulte des explications des parties que la comme de cinquante cinq
1346 686 3701 862 francs cinq centimes n’est pas contestée ; que Forteau ne s’oppose au
1331 808 3694 970 paiement de cette somme qu’il pense qu’il lui parait constant que la dame
1331 919 3694 1077 Akar du lui rendre un plus grand nombre de cols par chaque
1318 1024 3706 1177 partie d’étoffe à elle confiée ; attendu qu’il résulte des explications des
1331 1144 3704 1282 parties que si Forteau donnait toujours le même métrage d’étoffe
1331 1262 3709 1382 il n’en est pas de même de la nature de cet étoffe qui se trouvait être
1318 1367 3714 1492 tant et de même largeur et souvent plus étalé ; attendu qu’il  est
1274 1482 3724 1597 constant que les époux Akar qui habitent la maison de Forteau
1287 1579 3724 1730 lui ont soumis les cols tout tracés avant de les couper lorsqu’une différence
1295 1702 3724 1838 en moins d’une partie à une autre existait ; qu’il n’ d’ailleurs fait aucune
1285 1812 3732 1971 observation pendant et même après la livraison du travail ; attendu que
1269 1914 3719 2073 la réclamation de Forteau n’est pas fondée qu’il doit en être débouté.
1295 2032 3729 2181 Par ces motifs – Le Bureau Général jugeant en dernier ressort ;
1280 2127 3729 2321 Condamne Forteau à payer au époux Akar la somme de
1292 2245 3732 2432 cinquante cinq francs cinq centimes qu’il leur doit pour
1315 2355 3742 2585 prix de travaux de la dame Akar, travaux faits pour son
1213 2447 3742 2718 compte et d’après ses ordres ; Le condamner en outre au dépens
1280 2575 3745 2844 taxés et liquidés envers les demandeurs à la somme de un franc
