4608 3072
1326 430 3852 627 condamne Durand à payer à la demoiselle Bailly la
1280 570 3860 747 somme de trente six francs cinquante centimes qu’il lui doit
1262 673 3857 890 pour prix de travaux par elle faits pour son compte et d’après
1295 801 3855 985 ses ordres, plus une indemnité de trois francs pour temps perdu.
1262 924 3832 1095 Le condamne en outre aux dépens taxés et liquidés envers la
1300 1039 3873 1223 demanderesse à la somme de deux francs seize centimes, et à celle
1305 1157 3883 1338 de soixante quinze centimes envers le Trésor Public pour le
1277 1277 3891 1477 papier timbré de la présente minute, conformément à la loi du
1313 1408 3904 1597 sept aout mil huit cent cinquante, ence, non compris le cout du
1313 1518 3904 1728 présent jugement, la signification d’icelui et ses suites. Et vu les
1280 1658 3916 1848 articles 435 du code de procédure civile, 27 et 42 du décret du onze
1277 1771 3929 1966 juin 1809 pour signifier au défendeur le présent jugement, commet
1323 1889 3944 2114 Fontaine, l’un de ses huissiers audienciers. Ainsi jugé les jours,
1303 2078 2265 2314 mois et ans que dessus.
