4608 3072
1423 1210 3840 1364 ordres de la dame Michel-Poiret , Les condamne en outre aux
1408 1331 3870 1487 dépens taxés et liquidés envers la demanderesse à la somme de un franc
1390 1446 3847 1579 quatre vingts centimes, et à celle de soixante quinze centimes envers le
1402 1553 3860 1699 Trésor Public pour le papier timbré de la présente minute, conformément
1384 1681 3840 1815 à la loi du sept aout mil huit cent cinquante, ence, non compris le cout
1390 1784 3880 1925 du présent jugement, la signification d’celui et ses suites. Ainsi jugé
1382 1884 2483 2076 les jour, mois et an que dessus.
