3072 4608
725 368 2864 587 – lui accorder termes et délais pour payer. Point de Droit –
706 487 2853 687 Devait-on condamner Thiébault à payer aux époux Roland
714 583 2856 779 la somme de tente six francs cinq centimes qu’il leur doit
698 675 2845 890 pour travaux de la dame Roland ? Ou bien devait-on
695 779 2822 983 prendre en considération la mauvaise position dans laquelle
683 883 2822 1090 Thiébault se trouve, considérant la bonne volonté dont
687 979 2853 1194 il a fait preuve lui accorder termes et délais pour payer cette
687 1075 2818 1290 somme ? Que devait-t-il être statué à l’égard des dépens ?
679 1178 2814 1401 Après avoir entendu les parties en leurs demandes et conclusions
664 1274 2791 1486 respectivement en avoir délibéré conformément à la loi ;
675 1370 2803 1589 attendu qu’il est constant et reconnu par Thiébault qu’il
664 1470 2791 1693 est débiteur des époux Roland de la somme de trente six
672 1574 2768 1781 francs cinq centimes pour prix de travaux de la dame
648 1674 2730 1881 Roland ; attendu que Thiébault ne s’oppose pas au
625 1770 2784 1989 paiement de cette somme non contestée ; qu’il est reconnu
618 1870 2780 2115 qu’il a déjà offert vingt francs à compte ; que dans
629 1966 2768 2204 il y a lieu à lui accorder les termes et délais pour payer.
599 2062 2760 2296 Par ces motifs – Le Bureau Général jugeant en
648 2165 2764 2407 dernier ressort –Condamner Thiébault à payer avec
648 2265 2753 2511 intérêt suivant la loi aux époux Roland la comme de
633 2361 2753 2607 trente six francs cinq centimes qu’il leur doit pour prix de
606 2465 2737 2722 travaux de la dame Roland ; Dit que cette sera par lui payé
618 2565 2741 2818 en deux terme : vingt francs le vingt deux Janvier et seize
629 2668 2726 2929 francs cinq centimes le vingt Février mil huit cent cinquante
599 2760 2699 3022 huit ; Dis encore que faute par lui de payer la premier de ces
610 2876 2714 3129 sommes le tout deviendra exigible de suite ; Condamner Thiébault
599 2976 2695 3229 aux dépens taxés et liquidés envers les demandeurs à la somme de
579 3075 2703 3333 quatre vingt dix centimes, et à celle de soixante quinze centimes en vers
587 3171 2691 3440 le Trésor Public pour le papier timbré de la présente minute,
576 3275 2711 3548 conformément à la lois du sept aout mil huit cent cinquante,
583 3371 2680 3663 ence non compris le cout du présent jugement, la signification
556 3471 2672 3786 d’icelui et ses suites. Ainsi jugé les jour, mois et an que dessus.
