4608 3072
1208 143 3648 317 l’industrie des tissus en date des lundi vingt cinq et mardi vingt
1208 230 3650 419 six janvier mil huit cent cinquante huit Bénard fit citer Brision
1205 337 3660 540 à comparaître par-devant le dit Conseil séant en Bureaux Particuliers
1187 450 3601 624 les mardi vingt six et Mercredi vingt sept Janvier mil huit cent
1177 552 3632 742 cinquante huit pour se concilier si faire se pouvait sur la demande qu’il
1185 673 3591 849 entendait former contre lui devant le dit Conseil en paiement de la
1182 780 3673 977 somme de cent trente francs qu’il lui doit pour un mois de travail
1185 896 3658 1072 qu’il a fait pour son compte, d’après ses ordres et dans ses ateliers.
1190 1016 3671 1185 Brision n’ayant pas comparu la cause fut renvoyé devant le
1175 1126 3648 1287 Bureau Général du dit Conseil séant le Vendredi vingt neuf janvier
1152 1239 3635 1392 mil huit cent cinquante huit et ajournée au vendredi cinq février
1136 1351 3614 1515 suivant mois. Cité pour le dit jour cinq février par
1152 1469 3686 1617 exploit de Potin, huissier à Paris, en date du premier Février mil huit
1177 1592 3617 1722 cent cinquante huit, visé pour timbre et enregistré à Paris le deux
1144 1707 3671 1832 Février mil huit cent cinquante huit, en délier de un francs vingt cinq
1146 1817 3609 1950 centimes, folio soixante quatre, case trois, signé L. Drevon
1180 1940 3701 2060 Brision ne comparut pas. A l’appel de la cause Bénard se présenta
1154 2060 3691 2173 et conclut à ce qu’il plut au Bureau Général du dit conseil donner
1154 2181 3704 2298 défaut contre Brision non comparants ni personne pour lui quoique
1159 2291 3709 2416 dument appelés et pour le profit du dit défaut le condamner à lui payer avec intérêts
1134 2416 3712 2554 suivant la loi la somme de cent trente francs qu’il lui doit pour
1167 2531 3701 2690 prix d’un mois de travail fait dans ses ateliers, pour son compte et
1157 2654 3724 2795 d’après ses ordres, plus indemnité qu’il plaira au Conseil de fixer
1139 2767 3740 2915 pour le préjudice qu’il lui a causé en ne comparaissant pas devant
