3072 4608
1436 614 2138 768 Du dit jour quinze janvier
710 687 2638 817 Entre Madame Julie Duffoux, ouvrière, épouse attestée
744 787 2661 917 et autorisée du sieur Pierer Théodore Roland, et ce
702 860 2645 998 dernier demeurant ensemble, les dits époux, à Lachapelle
718 944 2626 1071 Saint Denis, rue du bon puits, numéro huit ; Demandeur ;
733 1029 2661 1182 Comparant ; D’une part ; Et Monsieur Thiébault,
698 1109 2611 1255 frangeur de châles, demeurant, et domicilié, à Paris,
710 1201 2615 1340 rue du grand saint Michel, numéro vingt quatre ;
706 1282 2522 1416 Défendeur ; Comparant ; D’autre part ;
702 1370 2615 1509 Point de fait – Par lettres du secrétaire du Conseil
698 1474 2515 1597 de Prud’homme du Département de la Seine,
691 1536 2534 1681 établi à Paris, pour l’industrie du tissus, en date des
695 1631 2649 1774 Mardi cinq et Lundi six Janvier mil huit cent cinquante
695 1716 2553 1835 huit les époux Roland firent citer Thiébault à
695 1808 2630 1923 comparaître par devant le dit Conseil de Prud’hommes séant
668 1893 2607 2008 les mercredi six et samedi neuf Janvier mil huit cent
675 1985 2599 2104 cinquante huit pour se concilier si faire se pouvait sur
660 2062 2626 2196 la demander qu’ils entendaient former contre eux devant
687 2154 2599 2269 le dit Conseil en paiement de la somme de trente six francs
691 2246 2607 2365 qu’il leur doit pour prix de travaux faits par
679 2338 2584 2469 la dame Roland pour son compte et d’après ses ordres.
679 2426 2607 2568 Thiébault n’ayant pas comparu la cause fut renvoyée
679 2519 2626 2649 devant le Bureau Général du dit Conseil séant le vendredi
675 2607 2576 2753 quinze Janvier mil huit cent cinquante huit. Cité par
695 2699 2634 2837 lettre du secrétaire du conseil en date du samedi neuf janvier
668 2795 2607 2918 mil huit cent cinquante huit à comparaitre, le dit jour
656 2868 2622 3018 quinze janvier Thiébault comparut. A l’appelle de la cause
633 2960 2630 3114 les époux Roland se présentèrent et conclurent à ce qu’il plus
648 3060 2618 3214 au Bureau Général de du dit Conseil donne défaut contre
648 3148 2641 3302 condamner Théibault à leur payer avec intérêt suivant
648 3233 2638 3402 la loi la somme de trente six francs cinq centimes qu’il
645 3325 2634 3513 leur doit pour prix de travaux faits par la dame Roland
652 3432 2645 3582 pour son compte et d’après ses ordres, et le condamner en
652 3525 2622 3686 outre aux dépens. De son coté Thiébault se présenta et
637 3613 2626 3763 conclut à ce qu’il plut au Bureau Général du dit Conseil
645 3705 2630 3886 attendu qu’il se reconnaît débiteur des époux Roland de
648 3801 2649 3966 la somme par eux réclamé ; attendu qui ne pouvant la payer
618 3886 2592 4055 d’une seule fois il a offert de donner la somme de vingt
625 3989 2645 4154 francs à compte, ce qu’il fut refusé ; attendu qu’il lui est
645 4085 2645 4250 de toute impossibilité de payer la somme en une seule
641 4174 2626 4362 fois et qu’il offre encore de payer pas à compte. Par ces
