4608 3072
819 875 1428 983 marge cette somme sera
832 942 1477 1059 payée en deux termes
826 1018 1459 1141 égaux ; le premier le
791 1077 1492 1203 vingt huit Février et
806 1144 1474 1274 le deuxième fin Mars
1543 1121 3668 1264 personne pour eux régulièrement quoique dument appelés ; Et adjuge
803 1221 1497 1344 mil huit cent cinquante
1530 1205 3688 1369 le profit du dit défaut, résilie la convention verbale d’apprentissage
814 1274 1472 1415 huit ; Dit que faut par
1528 1326 3688 1459 intervenue entre les époux Germain et la demoiselle Maitre pour
811 1367 1497 1497 par les époux Germain
826 1443 1489 1582 de payer quinze francs à
1530 1428 3691 1559 sa fille Marguerite le premier octobre mil huit cent cinquante six.
829 1520 1500 1651 l’échéance du premier
1546 1520 3691 1666 Condamne les époux Germain à payer solidairement et avec
834 1584 1497 1740 terme la somme entière
1528 1633 3683 1779 intérêts suivant la loi à la demoiselle Maitre, ès, nom qu’elle agit, la
821 1684 1472 1807 deviendra exigible de
842 1779 1031 1896 faite
1559 1733 3691 1889 somme de trente francs à titre d’indemnité que lui coute la rupture de
832 1843 1397 1968 revoi approuvé
1546 1838 3694 1978 cette convention ; Condamner les époux Germain aux dépens taxés et
1553 1937 3699 2091 liquidés en vers la demanderesse à la somme de un franc vingt centimes,
1528 2045 3712 2193 à celle de soixante quinze centimes en vers le Trésor Public pour le papier timbré
1518 2150 3699 2296 de la présente minute ; conformément à la loi du sept aout mil huit cent cinquante,
1507 2337 1512 2388 ence, non compris le cout du présent jugement, la signification d’icelui et de ses suites.
1510 2247 3704 2419 ence, non compris le cout du présent jugement, la signification d’icelui et de ses suites.
1507 2437 1512 2503 Et vu les articles 435 du code de procédure civile, 27 et 42 du code de procédure civile, 27 et
1510 2334 3765 2506 Et vu les articles 435 du code de procédure civile, 27 et 42 du code de procédure civile, 27 et
1507 2544 1512 2608 42 du décret du onze juin 1809 pour signifier aux défendeurs le présent jugement, commet Fontaine,
1510 2452 3696 2621 42 du décret du onze juin 1809 pour signifier aux défendeurs le présent jugement, commet Fontaine,
1492 2631 1512 2731 l’un de ses huissier audiencier. Ainsi jugé les jour, mois et an que dessus.
1510 2572 3279 2728 l’un de ses huissier audiencier. Ainsi jugé les jour, mois et an que dessus.
