4608 3072
1231 327 3842 514 signifier à la demoiselle Mérel et remettre et remettre à la
1187 432 3875 634 demoiselle Mérel copie d’une jugement du Conseil de Prud’hommes
1216 570 3878 750 de la Seine pour l’industrie du tissus séant à PAris, en date du vingt
1233 698 3870 865 sept novembre dernier, enregistré et expédié, portant condamnation
1249 821 3875 972 à son profit contre Monsieur et Madame Mérel-Fontaine de la
1236 949 3893 1100 somme de trois cent trente quatre francs cinquante centimes, de principal
1233 1064 3888 1216 et indemnité, outre intérêts et frais ; à fin qu’elle n’en ignore, et l’a fait
1228 1195 3906 1328 citer à comparaître vendredi vingt neuf janvier mil huit cent cinquante
1210 1315 3880 1454 sept huit par devant le Bureau Général du dit Conseil de Prud’hommes
1213 1428 3855 1566 pour, attendu que la demoiselle Ravel ayant voulu suivant procès
1223 1561 3847 1692 verbal du ministère di dut Fontaine en date du quatorze Janvier
1241 1692 3921 1815 mil huit cent cinquante huit, pour obtenir paiement des condamnations
1228 1815 3906 1950 prononcées par le jugement sus énoncé, faire procéder à la saisie
1239 1930 3927 2058 exécution des meubles et marchandises garnissant le domicile de ses
1228 2048 3937 2181 débiteurs, Mademoiselle Marie Mérel s’est formellement opposée
1228 2181 3868 2321 à cette saisie sous le prétexte qu’elle était propriétaire exclusive des
1216 2286 3929 2452 mêmes meubles et marchandises aux termes d’un acte de vente passé
1216 2414 3955 2567 devant Maître Courot et son collègue notaire à Paris, le quatorze juillet
1216 2534 3944 2713 dernier ; attendu que sa créance pour cause le prix de certains travaux
1216 2654 3919 2851 exécutés par elle tout récemment, dans tous les cas biens après le
1223 2777 3901 2990 quatorze juillet dernier, date de l’acte de vente allégué par la
