<?xml version="1.0" encoding="UTF-8"  standalone="yes"?>
<PcGts xmlns="http://schema.primaresearch.org/PAGE/gts/pagecontent/2019-07-15" xmlns:xsi="http://www.w3.org/2001/XMLSchema-instance" xsi:schemaLocation="http://schema.primaresearch.org/PAGE/gts/pagecontent/2019-07-15 http://schema.primaresearch.org/PAGE/gts/pagecontent/2019-07-15/pagecontent.xsd">
  <Metadata>
	<Creator>escriptorium</Creator>
	<Created>2024-01-18T17:35:48.344209+00:00</Created>
        <LastChange>2024-01-18T17:35:48.344226+00:00</LastChange>

  </Metadata>
  <Page imageFilename="PH 1858-36.jpg" imageWidth="4608" imageHeight="3072">

    

    
    <TextRegion id="eSc_dummyblock_">
    
    
      <TextLine id="r2l1" >
        <Coords points="1246,286 1246,304 1850,304 1850,302 2094,279 2176,296 2178,296 2324,279 2362,302 2365,302 2368,302 2370,302 2544,279 2867,291 2869,291 2872,291 2920,279 3310,279 3356,299 3358,299 3361,299 3363,299 3407,281 3438,302 3440,302 3443,302 3445,304 3581,304 3584,286 3581,225 3445,194 3443,194 3440,194 3353,220 3261,215 3176,171 3174,171 3069,166 2938,166 2936,166 2933,166 2931,166 2882,197 2762,166 2759,166 2757,166 2754,166 2752,166 2708,197 2659,166 2657,166 2654,166 2508,166 2506,166 2503,166 2501,166 2434,209 2347,166 2344,166 2234,166 2232,166 2229,166 2163,202 2012,166 2009,166 2007,166 2004,166 1909,225 1246,225 1246,286"/>
        <Baseline points="1247,287 1363,287 1480,285 1597,283 1714,279 1831,276 1948,273 2064,269 2181,265 2298,261 2415,258 2532,255 2649,254 2766,252 2882,253 2999,255 3116,258 3233,262 3350,269 3467,277 3584,288"/>
        <TextEquiv>
          <Unicode> journées à raison de six francs, lesquelles ont été passées à monter </Unicode>
        </TextEquiv>
      </TextLine>

    
    
      <TextLine id="r2l2" >
        <Coords points="1254,414 1902,414 1902,412 1978,396 2132,409 2135,409 2137,409 2186,386 2472,386 2749,386 2803,412 2805,412 2808,414 2913,414 2913,412 2915,412 2918,412 2956,386 3043,401 3046,401 3187,391 3264,412 3266,412 3269,412 3430,391 3594,412 3599,391 3594,317 3417,317 3415,317 3325,276 3322,276 3320,276 3128,294 3105,279 3102,279 3100,279 3097,279 3095,279 3092,279 3079,289 3059,273 3056,273 3054,273 2967,273 2964,273 2672,317 2670,317 2600,273 2598,273 2595,273 2467,273 2465,273 2462,273 2327,312 2286,291 2283,291 2280,291 2278,291 2232,304 2181,276 2178,276 1904,276 1902,276 1899,276 1838,307 1766,294 1763,294 1761,294 1681,320 1679,320 1628,307 1625,307 1623,307 1620,307 1594,320 1592,322 1254,322 1254,396 1254,414"/>
        <Baseline points="1256,398 1373,397 1490,395 1607,392 1724,387 1842,384 1959,380 2076,375 2193,372 2310,368 2428,365 2545,362 2662,360 2779,359 2896,359 3014,360 3131,363 3248,368 3365,374 3482,381 3600,392"/>
        <TextEquiv>
          <Unicode>et organiser la machine et le condamner aux dépens. De son coté </Unicode>
        </TextEquiv>
      </TextLine>

    
    
      <TextLine id="r2l3" >
        <Coords points="1408,396 1382,396 1356,396 1254,419 1256,496 1256,512 1927,509 2186,491 2298,501 2301,501 2462,486 2726,499 2728,499 3087,486 3112,501 3115,501 3118,501 3120,501 3123,501 3171,486 3230,501 3233,501 3235,501 3379,486 3573,506 3578,491 3576,419 3440,419 3397,389 3394,389 3392,389 3389,389 3253,417 3107,391 3105,391 3102,391 3100,391 3074,409 3041,394 3038,394 3036,394 3033,394 2982,417 2944,404 2941,404 2938,404 2849,417 2785,389 2782,389 2519,389 2516,389 2513,389 2511,389 2485,407 2460,394 2457,394 2455,394 2452,394 2449,394 2426,414 2342,419 2329,419 2327,419 2257,391 2255,391 2252,391 2250,391 2170,419 2168,419 2163,419 1943,391 1940,391 1937,391 1881,419 1715,394 1712,394 1710,394 1630,419 1630,422 1497,422 1497,419 1415,396 1408,396"/>
        <Baseline points="1259,498 1375,497 1491,494 1607,492 1723,489 1839,486 1955,482 2071,478 2187,474 2303,471 2420,468 2536,466 2652,464 2768,464 2884,464 3000,465 3116,468 3232,471 3348,476 3464,483 3581,492"/>
        <TextEquiv>
          <Unicode>Borne se présenta et conclut à ce qu’il plut au Bureau Général </Unicode>
        </TextEquiv>
      </TextLine>

    
    
      <TextLine id="r2l4" >
        <Coords points="1249,637 1341,616 1569,614 1635,634 1638,634 1640,634 1717,622 1978,634 1981,634 1984,634 2076,604 2106,616 2109,616 2112,616 2280,601 2327,619 2329,619 2332,619 2452,593 2984,593 3005,606 3008,606 3010,606 3013,606 3015,606 3048,593 3141,632 3143,632 3146,634 3281,634 3281,632 3284,632 3287,632 3345,596 3584,632 3589,599 3586,519 3517,504 3514,504 3438,519 3394,527 3338,519 3197,501 3194,501 3192,501 3151,522 3133,529 3102,522 3008,496 3005,496 3002,496 2928,509 2705,496 2703,496 2700,496 2698,496 2664,519 2616,524 2567,529 2560,524 2519,496 2516,496 2513,496 2419,496 2416,496 2286,499 2283,499 2219,527 2206,532 2173,527 2076,512 2073,512 1935,529 1902,532 1799,532 1797,529 1728,499 1725,499 1722,499 1720,499 1658,529 1653,535 1474,535 1469,532 1384,506 1382,506 1379,506 1377,506 1328,532 1326,535 1249,535 1249,604 1249,637"/>
        <Baseline points="1251,606 1368,606 1485,606 1602,605 1719,603 1836,600 1953,596 2070,593 2187,588 2304,584 2421,581 2538,578 2655,575 2772,573 2889,572 3006,573 3123,575 3240,578 3357,584 3474,591 3591,600"/>
        <TextEquiv>
          <Unicode>attendu qu’il a employé Boyer en qualité d’ouvrier coupeur pendant </Unicode>
        </TextEquiv>
      </TextLine>

    
    
      <TextLine id="r2l5" >
        <Coords points="1390,606 1387,606 1254,619 1256,709 1256,752 1428,732 1551,747 1553,747 1556,747 1559,747 1592,727 1651,747 1653,747 1656,747 1658,747 1725,716 1825,737 1827,737 1958,719 1984,737 1986,737 1989,737 1991,737 2088,714 2129,732 2132,732 2135,732 2137,732 2140,732 2176,711 2288,714 2362,750 2365,750 2368,752 2513,752 2513,750 2516,750 2519,750 2595,709 2667,721 2670,721 2672,721 2675,721 2703,704 2818,721 2821,721 2823,721 2862,704 3069,716 3072,716 3074,716 3110,704 3379,704 3448,747 3450,747 3453,747 3456,747 3607,744 3609,706 3607,647 3499,632 3496,632 3397,645 3361,647 3345,642 3276,622 3274,622 3271,622 3269,622 3217,642 3205,647 3194,642 3182,632 3179,632 3176,632 3174,632 3171,632 3153,642 3146,645 3112,640 3015,627 3013,627 3010,627 2984,640 2982,640 2979,640 2885,606 2882,606 2880,606 2877,606 2821,629 2782,616 2780,616 2777,616 2775,616 2731,637 2711,645 2688,637 2608,606 2606,606 2339,606 2337,606 2334,606 2283,632 2250,650 2178,650 2150,629 2114,606 2112,606 2109,606 2035,606 2032,606 2030,606 1968,629 1914,647 1799,634 1797,634 1794,634 1792,634 1768,650 1597,650 1551,624 1541,619 1538,619 1536,619 1533,619 1515,624 1472,634 1436,622 1392,606 1390,606"/>
        <Baseline points="1259,711 1376,713 1494,713 1611,711 1729,708 1847,705 1964,702 2082,698 2200,694 2317,690 2435,687 2553,683 2670,681 2788,680 2906,678 3023,680 3141,681 3259,684 3376,690 3494,698 3612,707"/>
        <TextEquiv>
          <Unicode>l’espace de deux mois et demi il lui a payé ses journées à raison de six </Unicode>
        </TextEquiv>
      </TextLine>

    
    
      <TextLine id="r2l6" >
        <Coords points="1259,829 1259,849 1592,847 1594,847 1646,834 1697,844 1699,844 1702,844 1751,832 1925,844 1927,844 2019,826 2150,834 2152,834 2344,816 2534,816 2598,839 2600,839 2603,839 2754,814 2826,837 2828,837 2831,837 2941,811 3271,821 3274,821 3425,808 3502,832 3504,832 3507,834 3612,834 3614,811 3612,742 3502,742 3348,706 3345,706 3192,727 3159,716 3156,716 3153,716 3151,716 3079,742 2900,716 2897,716 2895,716 2821,747 2723,747 2608,711 2606,711 2603,711 2536,719 2534,719 2531,719 2490,747 2327,719 2324,719 2321,719 2214,750 2168,729 2165,729 2163,729 2160,729 2127,742 2086,716 2083,716 2081,716 2078,716 1927,737 1671,719 1669,719 1666,719 1615,747 1523,757 1464,757 1390,721 1387,721 1384,721 1382,721 1379,721 1328,757 1256,757 1259,829"/>
        <Baseline points="1262,830 1379,828 1497,825 1615,822 1733,819 1850,816 1968,812 2086,809 2204,806 2321,802 2439,800 2557,797 2675,795 2792,794 2910,794 3028,794 3146,795 3263,798 3381,802 3499,807 3617,813"/>
        <TextEquiv>
          <Unicode>francs ; attendu qu’il n’en convenu de rien payer pour l’apprentissage </Unicode>
        </TextEquiv>
      </TextLine>

    
    
      <TextLine id="r2l7" >
        <Coords points="1259,939 1259,967 1369,954 1461,965 1464,965 1548,947 1812,960 1815,960 1817,960 1886,934 1920,947 1922,947 1925,947 1999,942 2032,960 2035,960 2037,960 2196,934 2265,957 2268,957 2270,957 2273,957 2332,934 2475,942 2478,942 2567,926 2764,936 2767,936 2974,924 3038,947 3041,947 3043,947 3046,947 3048,947 3077,926 3171,921 3233,921 3271,947 3274,947 3276,947 3279,947 3537,931 3609,944 3614,916 3609,839 3527,849 3486,839 3435,826 3432,826 3430,826 3320,842 3251,852 3220,844 3115,811 3112,811 3110,811 2987,826 2969,814 2967,814 2964,814 2961,814 2608,816 2606,816 2511,855 2501,860 2360,860 2350,857 2270,824 2268,824 2158,821 2155,821 2152,821 2096,852 2014,832 2012,832 2009,832 2007,832 1948,862 1940,867 1886,867 1879,862 1807,834 1804,834 1802,834 1799,834 1684,865 1674,870 1341,870 1338,870 1305,852 1303,852 1300,852 1297,852 1256,867 1259,939"/>
        <Baseline points="1262,941 1379,938 1497,935 1615,932 1733,929 1850,926 1968,923 2086,918 2204,915 2321,912 2439,909 2557,908 2675,905 2792,903 2910,903 3028,903 3146,903 3263,905 3381,908 3499,912 3617,917"/>
        <TextEquiv>
          <Unicode>que du reste il  n’a pas fait puisqu’il n’a jamais été montré par </Unicode>
        </TextEquiv>
      </TextLine>

    
    
      <TextLine id="r2l8" >
        <Coords points="1246,1052 1246,1072 1891,1072 1891,1070 1894,1070 1912,1064 1978,1049 2304,1059 2306,1059 2309,1059 2375,1041 2618,1052 2621,1052 2624,1052 2670,1039 2695,1052 2698,1052 2700,1052 2703,1052 2736,1036 3048,1034 3627,1049 3630,1024 3624,960 3489,962 3481,960 3427,942 3425,942 3422,942 3420,942 3358,962 3340,967 3325,962 3281,944 3279,944 3276,944 3171,965 3141,970 3125,965 3064,939 3061,939 3059,939 3056,939 3005,967 2995,972 2897,972 2880,967 2816,949 2813,949 2810,949 2698,967 2662,944 2659,944 2657,944 2654,944 2652,944 2595,957 2329,947 2327,947 2199,977 2181,980 2160,977 2109,970 2106,970 2104,970 2101,970 2088,977 2078,985 1902,985 1894,980 1822,954 1820,954 1702,954 1699,954 1697,954 1694,954 1651,985 1643,990 1464,990 1454,988 1336,960 1333,960 1331,960 1244,988 1246,1052"/>
        <Baseline points="1247,1053 1366,1052 1485,1050 1604,1047 1724,1044 1843,1041 1962,1038 2081,1035 2201,1032 2320,1029 2439,1026 2558,1023 2678,1022 2797,1019 2916,1017 3035,1017 3155,1017 3274,1017 3393,1019 3512,1022 3632,1025"/>
        <TextEquiv>
          <Unicode>Boyer ; qu’il doit à son intellinge et non aux soins de Boyer de </Unicode>
        </TextEquiv>
      </TextLine>

    
    
      <TextLine id="r2l9" >
        <Coords points="1930,1039 1927,1039 1925,1039 1812,1080 1804,1085 1640,1085 1635,1082 1615,1067 1612,1067 1610,1067 1607,1067 1605,1067 1602,1067 1579,1082 1576,1085 1356,1085 1349,1085 1290,1067 1287,1067 1285,1067 1282,1067 1246,1082 1249,1159 1249,1210 1369,1203 1372,1203 1433,1180 1495,1205 1500,1208 1502,1208 1505,1208 1651,1205 1653,1205 1661,1203 1707,1177 1802,1169 1889,1185 1891,1185 1894,1185 1932,1169 2053,1192 2104,1203 2106,1203 2268,1200 2270,1200 2273,1200 2291,1187 2339,1159 2403,1172 2406,1172 2408,1172 2442,1154 2531,1169 2534,1169 2536,1169 2577,1152 2764,1152 2810,1177 2846,1195 2849,1195 2851,1198 2977,1198 2977,1195 2979,1195 3046,1169 3105,1149 3189,1164 3192,1164 3194,1164 3197,1164 3225,1146 3430,1146 3456,1159 3458,1159 3461,1159 3463,1159 3491,1146 3522,1159 3560,1177 3563,1177 3566,1177 3568,1177 3627,1157 3627,1139 3624,1067 3502,1067 3432,1024 3430,1024 3427,1024 3425,1024 3340,1041 3310,1026 3307,1026 3304,1026 3233,1041 3202,1026 3200,1026 3025,1026 3023,1026 2923,1029 2920,1029 2918,1029 2882,1052 2828,1049 2826,1049 2823,1049 2821,1049 2782,1072 2780,1075 2728,1075 2690,1072 2664,1072 2593,1031 2590,1031 2588,1031 2493,1044 2437,1031 2434,1031 2432,1031 2332,1052 2293,1036 2291,1036 2288,1036 2286,1036 2211,1072 2140,1052 2137,1052 2135,1052 2027,1077 1932,1039 1930,1039"/>
        <Baseline points="1250,1160 1375,1161 1500,1160 1625,1158 1750,1157 1876,1154 2001,1149 2126,1146 2251,1143 2376,1139 2502,1134 2627,1131 2752,1128 2877,1127 3002,1125 3128,1125 3253,1127 3378,1130 3503,1134 3629,1140"/>
        <TextEquiv>
          <Unicode>savoir couper le poil de lapin ; Par ces motifs Déclarer Boyer </Unicode>
        </TextEquiv>
      </TextLine>

    
    
      <TextLine id="r2l10" >
        <Coords points="1267,1274 1267,1290 1907,1292 1909,1292 1996,1285 2129,1274 2273,1285 2342,1287 2344,1287 2370,1282 2429,1269 2462,1282 2470,1285 2472,1285 2475,1287 2475,1285 2478,1285 2485,1282 2519,1267 2995,1262 3100,1274 3102,1274 3207,1259 3240,1274 3243,1274 3246,1277 3287,1277 3368,1277 3368,1274 3371,1274 3499,1256 3635,1272 3640,1246 3637,1185 3550,1152 3548,1152 3427,1152 3425,1152 3307,1154 3304,1154 3264,1175 3192,1157 3189,1157 3187,1157 3184,1157 3077,1187 3031,1164 3028,1164 3025,1164 2913,1190 2841,1172 2839,1172 2836,1172 2833,1172 2790,1195 2746,1195 2711,1195 2631,1162 2629,1162 2626,1162 2624,1162 2554,1198 2552,1200 2406,1200 2403,1198 2327,1180 2324,1180 2321,1180 2275,1200 2273,1203 2140,1203 2137,1200 2088,1175 2086,1175 1984,1169 1981,1169 1779,1172 1628,1205 1612,1208 1589,1205 1492,1195 1489,1195 1487,1195 1456,1208 1446,1210 1264,1210 1267,1274"/>
        <Baseline points="1268,1275 1386,1274 1505,1272 1623,1271 1742,1268 1861,1265 1979,1262 2098,1259 2217,1256 2335,1253 2454,1250 2573,1247 2691,1245 2810,1242 2929,1241 3047,1241 3166,1241 3285,1241 3403,1242 3522,1244 3641,1247"/>
        <TextEquiv>
          <Unicode>non recevable en sa demande en paiement de cent francs pour </Unicode>
        </TextEquiv>
      </TextLine>

    
    
      <TextLine id="r2l11" >
        <Coords points="1233,1384 1233,1420 1359,1420 1359,1418 1361,1418 1367,1418 1428,1400 1461,1415 1464,1415 1466,1415 1469,1415 1484,1415 1612,1400 1733,1410 1774,1413 1776,1413 1832,1408 2004,1392 2053,1405 2065,1408 2068,1408 2071,1408 2280,1405 2306,1400 2373,1384 2444,1397 2452,1397 2455,1397 2462,1397 2567,1377 3655,1374 3658,1351 3650,1267 3568,1295 3458,1297 3220,1297 3151,1277 3128,1269 3125,1269 3123,1269 3120,1269 3100,1277 3046,1300 3008,1280 2984,1267 2982,1267 2905,1267 2903,1267 2900,1267 2859,1282 2803,1305 2662,1305 2603,1287 2562,1274 2560,1274 2557,1274 2406,1290 2368,1274 2365,1274 2362,1274 2360,1274 2357,1274 2329,1292 2301,1310 2260,1295 2216,1277 2214,1277 2155,1277 2152,1277 2055,1292 2001,1282 1999,1282 1996,1282 1937,1300 1886,1315 1820,1303 1786,1297 1784,1297 1781,1297 1766,1305 1743,1313 1722,1305 1666,1285 1664,1285 1661,1285 1658,1285 1587,1308 1543,1320 1451,1318 1438,1310 1390,1290 1387,1290 1297,1290 1295,1290 1292,1290 1231,1313 1233,1384"/>
        <Baseline points="1235,1386 1356,1386 1477,1385 1598,1384 1719,1382 1841,1380 1962,1377 2083,1375 2204,1372 2325,1370 2447,1366 2568,1363 2689,1361 2810,1358 2931,1356 3053,1354 3174,1353 3295,1352 3416,1352 3537,1352 3659,1353"/>
        <TextEquiv>
          <Unicode>le prix d’apprentissage, et pour le cas ou le conseil croirait le condamner </Unicode>
        </TextEquiv>
      </TextLine>

    
    
      <TextLine id="r2l12" >
        <Coords points="1239,1502 1239,1530 1538,1510 1623,1523 1625,1523 1628,1523 1692,1507 1830,1520 1835,1520 1838,1520 1843,1520 2024,1502 2224,1512 2227,1512 2232,1512 2439,1510 2442,1510 2444,1510 2462,1497 2624,1505 2626,1505 2629,1505 2654,1492 2703,1505 2705,1505 2708,1505 2721,1505 2895,1489 3020,1500 3038,1500 3041,1500 3056,1500 3197,1482 3642,1487 3645,1461 3640,1413 3363,1410 3302,1379 3299,1379 3210,1379 3207,1379 3205,1379 3202,1379 3176,1400 3141,1382 3138,1382 3051,1382 3048,1382 3046,1382 2969,1418 2892,1397 2890,1397 2887,1397 2769,1423 2680,1397 2677,1397 2675,1397 2672,1397 2647,1408 2570,1395 2567,1395 2498,1397 2496,1397 2432,1433 2365,1433 2291,1395 2288,1395 2286,1395 2199,1397 2196,1397 2193,1397 2163,1418 2142,1410 2140,1410 2137,1410 2135,1410 2132,1410 2099,1433 2058,1410 2055,1410 1943,1402 1940,1402 1937,1402 1935,1402 1899,1428 1807,1441 1689,1405 1687,1405 1684,1405 1541,1408 1538,1408 1536,1408 1469,1448 1236,1451 1239,1502"/>
        <Baseline points="1241,1505 1361,1502 1481,1500 1601,1499 1722,1496 1842,1494 1962,1491 2083,1490 2203,1487 2323,1485 2444,1482 2564,1481 2684,1478 2804,1476 2925,1475 3045,1472 3165,1470 3286,1469 3406,1467 3526,1466 3647,1464"/>
        <TextEquiv>
          <Unicode>à lui payer un prix quelconque d’apprentissage lui accorder </Unicode>
        </TextEquiv>
      </TextLine>

    
    
      <TextLine id="r2l13" >
        <Coords points="1228,1620 1228,1646 3660,1602 3660,1579 3658,1515 3571,1492 3568,1492 3566,1492 3563,1492 3560,1492 3520,1518 3517,1520 3233,1523 3223,1520 3128,1482 3125,1482 3123,1482 3120,1482 3041,1520 3025,1528 3002,1520 2890,1484 2887,1484 2885,1484 2882,1484 2818,1520 2728,1489 2726,1489 2575,1489 2572,1489 2570,1489 2567,1489 2511,1523 2488,1538 2424,1538 2398,1525 2350,1495 2347,1495 2344,1495 2342,1495 2232,1515 2022,1500 2019,1500 2017,1500 1963,1528 1922,1548 1789,1548 1758,1533 1756,1533 1753,1533 1751,1533 1694,1548 1653,1530 1607,1507 1605,1507 1538,1507 1536,1507 1533,1507 1489,1530 1466,1543 1441,1530 1418,1520 1415,1520 1413,1520 1410,1520 1408,1520 1390,1530 1364,1546 1341,1530 1310,1515 1308,1515 1305,1515 1226,1530 1228,1620"/>
        <Baseline points="1230,1623 1351,1622 1473,1620 1594,1618 1716,1615 1838,1613 1959,1610 2081,1606 2202,1602 2324,1599 2446,1596 2567,1593 2689,1590 2810,1587 2932,1584 3054,1583 3175,1581 3297,1580 3418,1578 3540,1578 3662,1580"/>
        <TextEquiv>
          <Unicode>termes et délais. Point de droit- Devait-on condamner Borne </Unicode>
        </TextEquiv>
      </TextLine>

    
    
      <TextLine id="r2l14" >
        <Coords points="1246,1738 1246,1771 1346,1771 1349,1771 1397,1748 1438,1763 1441,1763 1443,1763 1730,1743 1858,1758 1879,1761 1881,1761 1884,1761 1886,1761 1889,1758 1904,1748 1971,1756 1991,1758 1994,1758 1996,1758 2004,1756 2045,1738 2083,1753 2086,1753 2088,1753 2101,1753 2270,1738 2355,1745 2375,1748 2378,1748 2380,1748 2383,1748 2385,1745 2401,1735 2470,1743 2511,1748 2513,1748 2516,1748 2534,1743 2580,1728 2690,1738 2698,1738 2700,1738 2703,1738 2705,1738 2775,1720 2821,1735 2823,1735 2826,1735 2828,1735 2841,1735 2931,1720 2969,1730 2992,1738 2995,1738 2997,1738 3000,1738 3018,1730 3046,1717 3148,1728 3197,1730 3200,1730 3228,1725 3284,1712 3384,1720 3468,1728 3471,1728 3663,1712 3665,1689 3663,1628 3630,1615 3627,1615 3624,1615 3481,1628 3415,1602 3412,1602 3409,1602 3302,1610 3299,1610 3251,1633 3246,1635 3240,1635 3176,1617 3174,1617 3171,1617 3169,1617 3166,1617 3143,1633 3069,1610 3066,1610 3064,1610 3061,1610 3010,1635 3005,1640 2956,1640 2949,1638 2905,1612 2903,1612 2900,1612 2897,1612 2800,1638 2772,1646 2757,1638 2708,1617 2705,1617 2649,1617 2647,1617 2547,1640 2503,1651 2442,1643 2391,1635 2388,1635 2347,1643 2298,1653 2257,1643 2186,1628 2183,1628 2181,1628 2178,1628 2150,1646 2119,1630 2117,1630 2114,1630 1958,1633 1955,1633 1914,1648 1868,1664 1666,1651 1656,1651 1653,1651 1651,1651 1648,1651 1620,1671 1433,1671 1402,1653 1387,1643 1384,1643 1382,1643 1379,1643 1244,1653 1246,1738"/>
        <Baseline points="1248,1739 1369,1737 1490,1736 1611,1734 1732,1731 1853,1728 1974,1727 2095,1724 2216,1721 2337,1718 2458,1714 2579,1712 2700,1709 2821,1706 2942,1703 3063,1700 3184,1698 3305,1697 3426,1694 3547,1692 3668,1692"/>
        <TextEquiv>
          <Unicode>à payer à Boyer la somme de cent francs pour prix de l’apprentissage </Unicode>
        </TextEquiv>
      </TextLine>

    
    
      <TextLine id="r2l15" >
        <Coords points="1251,1858 1251,1891 1310,1881 1356,1891 1374,1894 1377,1894 1379,1894 1382,1894 1387,1889 1413,1873 1543,1866 1646,1884 1648,1884 1651,1884 1707,1863 1789,1866 1815,1881 1815,1884 1817,1884 1820,1884 1822,1884 1835,1881 1922,1858 2135,1858 2170,1876 2173,1876 2176,1876 2178,1876 2181,1876 2252,1850 2554,1853 2588,1868 2600,1873 2603,1873 2606,1873 2608,1873 2626,1868 2698,1845 2764,1858 2767,1858 2864,1838 2936,1863 2946,1866 2949,1866 2951,1868 3061,1868 3061,1866 3064,1866 3082,1861 3156,1830 3304,1827 3427,1853 3443,1856 3445,1856 3665,1848 3668,1807 3660,1712 3578,1715 3576,1715 3573,1715 3527,1745 3425,1720 3420,1720 3315,1720 3312,1720 3310,1720 3307,1720 3302,1725 3246,1761 3028,1763 2982,1735 2979,1735 2977,1735 2974,1735 2972,1735 2969,1735 2969,1738 2923,1768 2890,1768 2823,1743 2798,1733 2795,1733 2695,1733 2693,1733 2690,1733 2659,1748 2629,1766 2521,1766 2496,1753 2465,1743 2462,1743 2460,1743 2457,1743 2403,1758 2327,1781 2155,1781 2114,1768 2058,1753 2055,1753 2053,1753 1758,1766 1738,1753 1735,1753 1733,1753 1730,1753 1676,1756 1674,1756 1617,1786 1602,1797 1546,1797 1536,1789 1492,1766 1489,1766 1487,1766 1484,1766 1400,1794 1392,1799 1249,1799 1251,1858"/>
        <Baseline points="1253,1860 1373,1859 1494,1856 1615,1853 1736,1850 1857,1847 1978,1844 2099,1841 2220,1838 2341,1835 2462,1832 2582,1829 2703,1826 2824,1824 2945,1821 3066,1818 3187,1817 3308,1814 3429,1812 3550,1810 3671,1809"/>
        <TextEquiv>
          <Unicode>de ce dernier, plus celle de vingt quatre francs pour quatre journées passées </Unicode>
        </TextEquiv>
      </TextLine>

    
    
      <TextLine id="r2l16" >
        <Coords points="1249,2009 1397,1991 1541,2001 1584,2004 1587,2004 1589,2004 1592,2004 1597,1999 1617,1989 1809,1994 1850,1994 1853,1994 1876,1991 2001,1976 2114,1984 2201,1991 2204,1991 2334,1978 2462,1963 2736,1963 2754,1966 2818,1978 2821,1978 2903,1960 2944,1953 2967,1960 3010,1973 3013,1973 3015,1973 3102,1955 3128,1950 3143,1955 3179,1966 3182,1966 3184,1966 3187,1966 3189,1966 3207,1953 3212,1948 3233,1950 3289,1963 3292,1963 3294,1963 3297,1963 3315,1950 3320,1945 3663,1937 3665,1922 3658,1873 3507,1879 3499,1876 3430,1832 3427,1832 3425,1832 3422,1832 3220,1838 3217,1838 3215,1838 3138,1884 3130,1889 2813,1894 2803,1891 2754,1873 2752,1873 2749,1873 2670,1881 2595,1850 2593,1850 2590,1850 2465,1853 2462,1853 2460,1853 2437,1868 2416,1856 2414,1856 2411,1856 2408,1856 2206,1858 2204,1858 2201,1858 2132,1907 2129,1909 2037,1909 2030,1909 1922,1876 1920,1876 1917,1876 1914,1876 1912,1876 1861,1907 1758,1902 1756,1902 1753,1902 1710,1914 1702,1917 1689,1917 1384,1876 1382,1876 1379,1876 1377,1876 1295,1925 1292,1927 1249,1927 1249,1973 1249,2009"/>
        <Baseline points="1250,1976 1370,1975 1491,1973 1612,1971 1733,1970 1854,1967 1975,1965 2096,1962 2217,1959 2338,1956 2459,1953 2579,1950 2700,1947 2821,1944 2942,1941 3063,1938 3184,1935 3305,1933 3426,1931 3547,1928 3668,1925"/>
        <TextEquiv>
          <Unicode>à faire marcher la machine ? Ou bien devait-on conformément </Unicode>
        </TextEquiv>
      </TextLine>

    
    
      <TextLine id="r2l17" >
        <Coords points="1241,2096 1241,2119 3640,2053 3642,2032 3637,1984 3489,1984 3376,1955 3374,1955 3371,1955 3368,1955 3317,1991 3315,1994 2961,2001 2954,2001 2856,1973 2854,1973 2851,1973 2849,1973 2759,1999 2652,1976 2649,1976 2647,1976 2644,1976 2626,1989 2603,1978 2600,1978 2598,1978 2595,1978 2593,1978 2557,2004 2521,1981 2519,1981 2516,1981 2513,1981 2511,1981 2508,1981 2462,2014 2460,2017 2403,2017 2403,2014 2293,1984 2291,1984 2288,1984 2286,1984 2216,2019 2099,1991 2096,1991 2094,1991 2001,2027 1996,2027 1991,2027 1894,1996 1891,1996 1812,1996 1809,1996 1638,2001 1635,2001 1633,2001 1587,2032 1525,2004 1523,2004 1520,2004 1518,2004 1420,2042 1239,2045 1241,2096"/>
        <Baseline points="1244,2097 1364,2095 1484,2093 1604,2090 1724,2088 1844,2085 1964,2082 2084,2080 2204,2078 2324,2074 2444,2071 2564,2068 2684,2064 2804,2061 2924,2058 3044,2054 3164,2050 3284,2045 3404,2042 3524,2037 3644,2033"/>
        <TextEquiv>
          <Unicode>aux conclusions de Borne déclarer Boyer non recevable en sa </Unicode>
        </TextEquiv>
      </TextLine>

    
    
      <TextLine id="r2l18" >
        <Coords points="1246,2216 1246,2245 3681,2168 3683,2147 3673,2055 3555,2078 3502,2063 3496,2060 3494,2060 3491,2060 3489,2060 3484,2063 3402,2101 3340,2101 3279,2073 3264,2065 3261,2065 3258,2065 3207,2076 3084,2101 3013,2083 2990,2078 2987,2078 2984,2078 2688,2083 2685,2083 2682,2083 2654,2101 2613,2124 2565,2104 2557,2101 2554,2101 2552,2101 2549,2101 2536,2106 2488,2122 2437,2109 2355,2091 2352,2091 2263,2094 2260,2094 2216,2114 2119,2109 2117,2109 2114,2109 2112,2109 2086,2127 2060,2142 1789,2147 1763,2140 1725,2129 1722,2129 1720,2129 1640,2147 1607,2152 1523,2152 1320,2147 1318,2147 1244,2163 1246,2216"/>
        <Baseline points="1248,2217 1369,2214 1491,2213 1613,2210 1735,2207 1857,2205 1978,2202 2100,2199 2222,2196 2344,2193 2466,2191 2587,2187 2709,2184 2831,2181 2953,2177 3075,2172 3196,2169 3318,2164 3440,2159 3562,2154 3684,2148"/>
        <TextEquiv>
          <Unicode>demande concernant le pris d’apprentissage ? Que devait-il etre </Unicode>
        </TextEquiv>
      </TextLine>

    
    
      <TextLine id="r2l19" >
        <Coords points="1249,2321 1254,2360 1274,2347 1303,2357 1323,2365 1326,2365 1328,2365 1331,2365 1359,2357 1400,2344 1428,2355 1456,2365 1459,2365 1461,2365 1464,2365 1500,2352 1525,2344 1548,2350 1589,2362 1592,2362 1594,2362 1597,2362 1638,2347 1664,2339 1730,2344 1876,2360 1879,2360 2096,2355 2214,2332 2227,2329 2232,2332 2270,2350 2273,2350 2275,2350 2403,2327 2480,2342 2483,2342 2485,2342 2552,2324 2703,2332 2705,2332 2708,2332 2764,2314 2769,2314 2772,2314 2805,2324 2808,2324 2810,2324 3115,2304 3176,2301 3179,2301 3197,2314 3200,2314 3202,2314 3205,2314 3407,2298 3440,2316 3443,2316 3445,2319 3558,2319 3558,2316 3699,2286 3699,2263 3696,2214 3630,2186 3627,2186 3624,2186 3622,2186 3566,2214 3407,2191 3404,2191 3402,2191 3399,2191 3358,2219 3166,2199 3164,2199 3161,2199 3159,2199 3141,2211 3087,2191 3084,2191 3082,2191 2987,2193 2984,2193 2982,2193 2933,2224 2869,2227 2813,2199 2810,2199 2808,2199 2718,2204 2716,2204 2634,2237 2447,2206 2444,2206 2442,2206 2439,2206 2383,2242 2383,2245 2219,2247 2216,2247 2127,2214 2124,2214 2122,2214 2017,2216 2014,2216 1955,2242 1927,2234 1925,2234 1922,2234 1920,2234 1845,2255 1843,2257 1715,2257 1707,2257 1661,2232 1658,2232 1656,2232 1574,2229 1571,2229 1418,2234 1246,2268 1249,2321"/>
        <Baseline points="1251,2324 1373,2324 1496,2324 1618,2322 1741,2322 1863,2321 1986,2319 2108,2316 2231,2315 2353,2312 2476,2310 2598,2307 2721,2303 2843,2300 2966,2295 3088,2292 3211,2287 3333,2282 3456,2277 3578,2271 3701,2265"/>
        <TextEquiv>
          <Unicode>statué à l’égard des dépens ? Après avoir entendu les parties en leurs </Unicode>
        </TextEquiv>
      </TextLine>

    
    
      <TextLine id="r2l20" >
        <Coords points="1241,2444 1241,2467 1551,2478 1553,2478 1748,2460 2119,2465 2122,2465 2124,2465 2158,2449 2611,2452 2613,2452 3512,2411 3553,2426 3555,2426 3558,2426 3560,2426 3596,2406 3691,2403 3694,2380 3686,2298 3496,2324 3427,2306 3425,2306 3422,2306 3304,2306 3294,2309 3292,2309 3159,2360 3056,2360 3013,2339 3010,2339 3008,2339 3005,2339 2949,2362 2746,2352 2744,2352 2741,2352 2672,2373 2570,2373 2485,2352 2483,2352 2480,2352 2370,2380 2214,2380 2183,2368 2181,2368 2178,2368 2176,2368 2173,2368 2150,2383 2048,2375 2045,2375 2042,2375 1989,2388 1914,2355 1912,2355 1909,2355 1799,2370 1699,2350 1697,2350 1694,2350 1600,2352 1597,2352 1594,2352 1548,2385 1441,2401 1333,2360 1331,2360 1328,2360 1239,2360 1241,2444"/>
        <Baseline points="1242,2447 1364,2445 1487,2445 1609,2444 1732,2444 1855,2442 1977,2441 2100,2439 2223,2438 2345,2435 2468,2433 2591,2430 2713,2427 2836,2423 2959,2419 3081,2414 3204,2409 3327,2403 3449,2396 3572,2389 3695,2381"/>
        <TextEquiv>
          <Unicode>demandes et conclusions respectivement et en avoir délibéré conformément </Unicode>
        </TextEquiv>
      </TextLine>

    
    
      <TextLine id="r2l21" >
        <Coords points="1241,2562 1241,2593 1425,2608 1428,2608 1538,2593 1687,2598 1689,2598 1692,2598 1694,2598 1717,2580 1720,2580 1738,2580 1991,2593 1994,2593 2472,2562 2839,2570 2841,2570 2977,2547 3066,2562 3069,2562 3315,2536 3320,2536 3502,2552 3504,2552 3507,2552 3560,2529 3696,2524 3696,2496 3691,2442 3560,2416 3558,2416 3409,2421 3407,2421 3374,2437 3335,2424 3333,2424 3330,2424 3328,2424 3269,2447 3084,2437 3082,2437 3079,2437 3077,2437 3043,2457 3043,2460 2711,2467 2703,2467 2562,2444 2560,2444 2557,2444 2554,2444 2516,2472 2513,2475 2411,2475 2408,2475 2370,2452 2368,2452 2365,2452 2362,2452 2234,2478 2191,2455 2188,2455 2186,2455 2183,2455 2132,2483 2129,2483 2058,2467 2055,2467 1845,2488 1725,2467 1722,2467 1584,2470 1582,2470 1579,2470 1551,2490 1489,2472 1487,2472 1484,2472 1392,2475 1390,2475 1315,2506 1239,2506 1241,2562"/>
        <Baseline points="1242,2565 1364,2565 1487,2564 1610,2564 1733,2562 1856,2561 1979,2559 2101,2558 2224,2555 2347,2552 2470,2549 2593,2546 2716,2542 2839,2538 2961,2534 3084,2529 3207,2523 3330,2517 3453,2511 3576,2504 3699,2496"/>
        <TextEquiv>
          <Unicode>à la loi ; attendu qu’il résulte de l’audition des parties à l’audience </Unicode>
        </TextEquiv>
      </TextLine>

    
    
      <TextLine id="r2l22" >
        <Coords points="1251,2690 1251,2734 1410,2713 1615,2723 1640,2723 1643,2723 1656,2721 1751,2703 2009,2705 2012,2705 2081,2693 2101,2705 2106,2708 2109,2708 2112,2708 2114,2708 2142,2703 2201,2690 2240,2700 2247,2700 2250,2700 2252,2700 2280,2698 2373,2685 2406,2693 2426,2698 2429,2698 2432,2698 2434,2698 2447,2690 2462,2685 2639,2685 2905,2685 2905,2682 3156,2664 3258,2657 3289,2659 3379,2667 3381,2667 3476,2652 3509,2647 3535,2649 3614,2659 3617,2659 3619,2659 3622,2659 3645,2644 3653,2641 3699,2641 3701,2611 3696,2552 3589,2549 3586,2549 3584,2549 3573,2554 3543,2570 3435,2557 3392,2554 3389,2554 3386,2554 3384,2554 3379,2560 3351,2577 3251,2565 3179,2554 3176,2554 2826,2560 2823,2560 2752,2577 2664,2603 2406,2606 2337,2590 2321,2588 2319,2588 2316,2588 2306,2590 2247,2613 2140,2598 2137,2598 2135,2598 2132,2598 2104,2618 2058,2598 2048,2595 2045,2595 2042,2595 2001,2600 1799,2629 1725,2608 1712,2606 1710,2606 1707,2606 1704,2606 1694,2608 1638,2631 1559,2613 1510,2603 1507,2603 1505,2603 1469,2616 1466,2616 1464,2616 1423,2608 1420,2608 1418,2608 1415,2608 1402,2618 1392,2626 1359,2618 1328,2613 1326,2613 1246,2621 1251,2690"/>
        <Baseline points="1253,2691 1375,2688 1497,2687 1620,2685 1742,2682 1865,2681 1987,2679 2110,2677 2232,2675 2355,2672 2477,2670 2599,2667 2722,2663 2844,2659 2967,2655 3089,2651 3212,2645 3334,2638 3457,2630 3579,2622 3702,2613"/>
        <TextEquiv>
          <Unicode>que Borne, qui n’avait jamais exercé la profession de coupeur </Unicode>
        </TextEquiv>
      </TextLine>

    
    
      <TextLine id="r2l23" >
        <Coords points="1251,2833 1774,2818 1781,2818 1879,2844 1881,2844 1884,2844 2068,2836 2193,2808 2370,2826 2373,2826 2539,2798 2764,2810 2767,2810 2864,2792 2913,2805 2915,2805 2918,2805 2920,2805 2974,2790 3120,2798 3123,2798 3215,2780 3281,2792 3284,2792 3287,2792 3363,2767 3706,2752 3706,2718 3696,2652 3599,2654 3596,2654 3558,2672 3456,2659 3397,2652 3394,2652 3392,2652 3389,2652 3376,2662 3328,2695 3220,2695 3161,2670 3156,2667 3153,2667 3151,2667 3148,2667 3143,2670 3061,2703 2915,2685 2913,2685 2910,2685 2849,2713 2434,2726 2370,2698 2368,2698 2365,2698 2362,2698 2360,2698 2327,2718 2232,2705 2229,2705 2227,2705 2224,2705 2204,2721 2176,2703 2176,2700 2173,2700 2170,2700 2168,2700 2152,2703 2114,2711 2083,2705 2030,2695 2027,2695 2024,2695 1989,2708 1940,2726 1907,2711 1894,2705 1891,2705 1804,2703 1802,2703 1728,2718 1707,2721 1697,2718 1676,2711 1674,2711 1671,2711 1669,2711 1651,2721 1625,2734 1602,2721 1584,2713 1582,2713 1579,2713 1395,2718 1392,2718 1390,2718 1377,2728 1374,2731 1364,2728 1323,2721 1320,2721 1318,2721 1315,2721 1300,2731 1277,2746 1249,2734 1251,2808 1251,2833"/>
        <Baseline points="1253,2810 1375,2805 1498,2802 1621,2801 1744,2798 1866,2796 1989,2795 2112,2793 2235,2792 2357,2789 2480,2787 2603,2784 2726,2781 2848,2777 2971,2772 3094,2766 3217,2760 3339,2753 3462,2744 3585,2734 3708,2721"/>
        <TextEquiv>
          <Unicode>de poils de lapin à tout à coup acheté une machine servant à l’exploitation de </Unicode>
        </TextEquiv>
      </TextLine>

    
    
      <TextLine id="r2l24" >
        <Coords points="1246,2926 1246,2977 1418,2946 1761,2938 1817,2954 1832,2959 1835,2959 1838,2959 1840,2959 1861,2954 1935,2933 2073,2944 2101,2946 2104,2946 2127,2944 2206,2928 2309,2936 2362,2938 2365,2938 2396,2931 2442,2920 2462,2928 2472,2933 2475,2933 2478,2933 2565,2926 2621,2920 2647,2923 2754,2931 2757,2931 2849,2913 2859,2913 2864,2913 2938,2926 2941,2926 2944,2926 2974,2908 2979,2905 2984,2908 3008,2923 3010,2923 3013,2923 3015,2923 3169,2900 3197,2897 3212,2900 3271,2910 3274,2910 3363,2895 3407,2910 3409,2910 3412,2910 3415,2910 3417,2910 3448,2890 3450,2887 3532,2885 3537,2887 3576,2905 3578,2905 3581,2905 3671,2903 3673,2903 3676,2903 3706,2882 3706,2851 3696,2762 3494,2767 3491,2767 3486,2769 3397,2810 3322,2795 3320,2795 3317,2795 3315,2795 3289,2816 3153,2816 3092,2790 3089,2790 3087,2790 3084,2790 3038,2810 3002,2795 3000,2795 2997,2795 2995,2795 2920,2823 2849,2795 2846,2795 2844,2795 2841,2795 2775,2831 2442,2839 2350,2810 2344,2810 2342,2810 2339,2810 2337,2810 2332,2813 2293,2831 2257,2816 2234,2805 2232,2805 2229,2805 2119,2821 2106,2823 2104,2823 2040,2854 1902,2854 1799,2833 1740,2821 1738,2821 1735,2821 1704,2836 1669,2854 1640,2839 1620,2828 1617,2828 1615,2828 1367,2831 1364,2831 1338,2844 1290,2833 1287,2833 1285,2833 1244,2851 1246,2926"/>
        <Baseline points="1247,2927 1370,2925 1493,2925 1616,2924 1739,2922 1862,2921 1985,2919 2108,2917 2231,2915 2354,2912 2477,2909 2600,2906 2723,2902 2846,2898 2969,2892 3092,2888 3215,2882 3338,2876 3461,2868 3584,2860 3707,2852"/>
        <TextEquiv>
          <Unicode>ce genre métier ; qu’il résulte également de ses explications fournies par </Unicode>
        </TextEquiv>
      </TextLine>

    
    
      <TextLine id="r2l25" >
        <Coords points="1264,3043 1264,3066 1338,3069 1364,3069 1390,3069 1415,3069 1441,3069 1466,3069 1492,3069 1518,3069 1543,3069 1569,3069 1594,3069 1594,3069 1623,3059 1625,3059 1666,3069 1671,3069 1697,3069 1722,3069 1730,3069 1812,3059 2319,3059 2321,3059 2728,3036 2869,3046 2872,3046 2984,3025 3125,3038 3128,3038 3130,3038 3200,3020 3299,3036 3302,3036 3417,3013 3686,3005 3686,2936 3676,2890 3630,2908 3537,2895 3517,2892 3514,2892 3512,2892 3502,2895 3456,2913 3417,2903 3415,2903 3412,2903 3409,2903 3356,2933 3077,2941 3041,2941 3000,2915 2987,2905 2984,2905 2982,2905 2979,2905 2977,2905 2938,2918 2887,2933 2833,2920 2790,2913 2787,2913 2785,2913 2782,2913 2767,2923 2734,2949 2675,2949 2636,2928 2629,2926 2626,2926 2624,2926 2552,2931 2506,2936 2496,2933 2442,2918 2439,2918 2437,2918 2219,2944 2204,2933 2201,2933 2199,2933 2196,2933 2193,2933 2155,2946 2114,2961 2045,2951 1907,2931 1904,2931 1902,2931 1820,2959 1792,2972 1541,2972 1502,2972 1461,2949 1459,2949 1456,2949 1402,2956 1372,2944 1369,2944 1367,2944 1364,2944 1259,2979 1264,3043"/>
        <Baseline points="1266,3046 1313,3043 2665,3017 2713,3014 2760,3011 2808,3008 2856,3008 2903,3006 2951,3006 2999,3006 3047,3006 3094,3005 3142,3005 3190,3003 3237,3002 3285,3000 3333,2997 3380,2993 3428,2988 3640,2944 3688,2937"/>
        <TextEquiv>
          <Unicode>les partie et des dires de la dame Borne à l’audience du Bureau  </Unicode>
        </TextEquiv>
      </TextLine>

    
    </TextRegion>
    
  </Page>
</PcGts>
