4608 3072
1239 896 3642 1052 pour le profit adjuger au demandeur les conclusion par lui précedemment
1236 998 3650 1152 prises ? Que devait-on statuer à l'égard des dépens ? Après avoir entendu
1254 1113 3648 1262 Fortin en ses demandes et conclusions et en avoir délibéré conformément
1233 1216 3663 1390 à la loi ; attendu que la demande de Fortin parait juste et fondée ; que
1228 1344 3663 1500 d'ailleurs elle n'est pas contestées par Clavière non comparant ni personne
1203 1454 3668 1617 pour lui quoique dument appelé ; Par ces motif - Le Bureau Général
1190 1571 3676 1733 jugeant en premier ressort = Donne défaut contre Clavière non comparant
1175 1674 3683 1848 ni personne pour lui quoique dument appelé ; Et adjugeant le
1198 1786 3706 1966 profit du dit défaut ; Dit et ordonne que dans le journée
1218 1907 3681 2073 du présent jugement Clavière sera tenu de faire rentrer son
1198 2027 3709 2201 fils Louis Clavière dans les atelier de Fortin ou il devra rester
1185 2142 3724 2309 en qualité d'apprenti jusqu'à l'âge de seize ans, sinon et faute par
1218 2268 3676 2439 lui de ce faire dans le jour et icelui passé le condamner
1208 2385 3747 2565 dès à présent à payer à Fortin la somme de cinquante
1190 2508 3747 2680 francs avec intérêts suivant la loi à titre d'indemnité pour
1177 2611 3752 2808 inéxécution de convention verbale d'apprentissage ; Condamner
1195 2746 3776 2918 Clavière aux dépens taxés et liquidés envers le demandeur à la
1190 2908 3801 3069 Somme de un franc quatre vingt centimes, et à celle de
