3072 4608
829 268 2856 483 sont restées en qualité d'apprenties chez la dite demoiselle Leflesselle
825 368 2853 568 extraction faite de toute somme applicable au paiement de l'instruction
802 464 2849 656 qu'elles n'ont pas reçue d'une manière sérieuse et régulière ;
810 560 2849 744 Résilie les conventions verbales d'apprentissage intervenues
810 652 2822 833 entre la demoiselle Leflesselle et la Demoiselle Caron et
791 721 2845 940 Lequine le huit avril mil huit cent Cinquante sept ; Déboute
825 833 2776 1002 la demoiselle Leflesselle du surplus de ses demandes ;
814 933 2860 1148 Condamne la demoiselle Caron et Lequine aux dépens taxés et
794 1017 2822 1201 liquidés envers la demoiselle Leflesselle à la somme de un franc
710 1102 2841 1313 soixante Centimes, et à celle de un franc envers le trésor Public
775 1209 2864 1401 pour le papier timbré de la présente minute, conformément à la
787 1313 2849 1493 loi du sept août mil huit Cent Cinquante, ence, non compris
783 1413 2856 1589 Cout du présent jugement, la signification d'icelui et les suites
775 1497 2822 1685 Et vu les articles 435 du code de procédure civile, 27 et 42 un
775 1601 2849 1777 décret du onze Juin 1809 pour signifier à Lequine le présent
798 1701 2849 1866 jugement commet l'un de messieurs les huissiers Audienciers de la justice
791 1797 2856 1977 de paix du Canton dans lequel se trouve Comprise la commune de saint
775 1900 2219 2131 Pierre sur Dives — ansi jugé les jours mois et an que dessus
1520 2557 2058 2726 Audience
1762 2695 1923 2826 du
791 2764 2853 2933 Vendredi dix huit Juin mil huit cent Cinquante huit . Siégeant
764 2868 2849 3041 Messieurs Biétry, officier de la région d'honneur, président
756 2968 2856 3133 du Conseil de Prud'hommes du Département de la Seine pour l'industrie
764 3068 2764 3233 des tissus, Sajon, Devening, Vinceneux et Bichut
775 3171 2826 3340 Prud'hommes assistés de Monsieur Lecucq, secrétaire
764 3267 1297 3402 du dit Conseil.
771 3452 2860 3601 Entre Madame Marceline Poulet ; épouse assistée et autorisée
733 3559 2833 3697 du Sieur Thomas Mathieu, et ce dernier, la dite dame Marceline,
718 3663 2830 3801 ouvrière, demeurant ensemble, les dits époux à Paris, rue Mazarine
729 3755 2818 3886 numéro vingt Cinq ; Demandeurs ; Comparant ; D'une part ;
714 3851 2822 3989 Et Monsieur Barrière, tailleur d'habits, demeurant et
733 3947 2841 4085 domicilié à Paris, rue des Billettes, numéro douze ; Défendant ;
725 4035 2810 4197 Défaillant ; D'autre part ; Point de fait — Par lettres
729 4128 2841 4335 du secrétaire du Conseil de Prud'hommes du Département
