<?xml version="1.0" encoding="UTF-8"  standalone="yes"?>
<PcGts xmlns="http://schema.primaresearch.org/PAGE/gts/pagecontent/2019-07-15" xmlns:xsi="http://www.w3.org/2001/XMLSchema-instance" xsi:schemaLocation="http://schema.primaresearch.org/PAGE/gts/pagecontent/2019-07-15 http://schema.primaresearch.org/PAGE/gts/pagecontent/2019-07-15/pagecontent.xsd">
  <Metadata>
	<Creator>escriptorium</Creator>
	<Created>2024-01-18T17:35:47.871020+00:00</Created>
        <LastChange>2024-01-18T17:35:47.871037+00:00</LastChange>

  </Metadata>
  <Page imageFilename="PH 1858-4.jpg" imageWidth="3072" imageHeight="4608">

    

    
    <TextRegion id="eSc_dummyblock_">
    
    
      <TextLine id="r1l1" >
        <Coords points="752,280 748,295 1163,303 1167,303 1186,303 1370,276 1405,303 1409,303 1413,303 1501,307 1505,307 1509,307 1512,307 1639,261 2123,261 2280,261 2307,288 2307,291 2311,291 2315,291 2319,291 2323,291 2376,264 2492,264 2592,307 2595,307 2599,307 2603,307 2645,291 2780,318 2787,303 2787,195 2695,149 2691,149 2688,149 2684,149 2576,188 2511,165 2507,165 2503,165 2499,165 2446,184 2392,145 2388,145 2384,145 2380,145 2204,176 2138,134 2135,134 2131,134 1908,134 1904,134 1900,134 1896,134 1866,157 1804,130 1800,130 1797,130 1793,130 1789,130 1724,184 1585,130 1582,130 1578,130 1420,145 1416,145 1328,184 1201,184 1098,184 998,153 994,153 990,153 752,176 752,280"/>
        <Baseline points="753,282 854,282 956,280 1058,276 1160,272 1262,267 1364,260 1465,254 1567,248 1669,242 1771,237 1873,233 1975,230 2077,230 2178,231 2280,236 2382,242 2484,253 2586,266 2688,284 2790,305"/>
        <TextEquiv>
          <Unicode>mil huit cent cinquante sept, visé pour timbre et Enregistré à Paris </Unicode>
        </TextEquiv>
      </TextLine>

    
    
      <TextLine id="r1l2" >
        <Coords points="2676,280 2588,280 2545,261 2526,257 2488,253 2449,249 2411,245 2373,241 2353,241 2350,241 2346,241 2346,245 2323,264 2296,241 2296,238 2292,238 2288,238 1962,238 1958,238 1954,238 1908,264 1873,238 1870,238 1866,238 1862,238 1631,257 1616,245 1605,245 1574,245 1512,276 1393,257 1374,257 1336,261 1282,276 1251,264 1221,268 1182,268 1175,268 1155,280 913,280 875,280 837,284 798,284 760,284 764,368 764,387 1397,368 1493,384 1497,384 1501,384 1624,353 2472,353 2684,384 2691,364 2688,284 2676,280"/>
        <Baseline points="767,372 863,371 959,368 1055,365 1152,360 1248,356 1344,350 1441,344 1537,338 1633,333 1730,328 1826,324 1922,321 2018,320 2115,320 2211,321 2307,325 2404,331 2500,339 2596,351 2693,365"/>
        <TextEquiv>
          <Unicode>le deux Janvier mil huit cent cinquante huit en délier de </Unicode>
        </TextEquiv>
      </TextLine>

    
    
      <TextLine id="r1l3" >
        <Coords points="2507,341 2484,337 2457,364 2346,364 2307,334 2304,334 2300,334 2296,334 2292,334 2223,357 2142,334 2138,334 2135,334 2031,349 1831,330 1701,330 1662,330 1624,334 1585,334 1574,334 1562,349 1543,337 1509,341 1497,341 1459,368 1455,368 1347,349 1317,353 1282,353 1209,368 1198,372 983,372 979,368 971,368 933,368 921,368 917,368 894,368 856,372 821,372 783,372 779,368 744,368 744,460 741,476 1159,464 1309,483 1320,483 1324,483 1328,483 1397,456 1447,476 1451,476 1455,476 1459,476 1463,476 1505,441 1820,441 2092,441 2142,479 2146,479 2150,479 2154,479 2158,479 2161,479 2208,445 2273,445 2338,487 2342,487 2346,487 2350,487 2357,487 2511,449 2638,487 2641,487 2645,491 2760,491 2764,468 2764,376 2595,376 2595,372 2526,341 2507,341"/>
        <Baseline points="747,461 853,461 959,458 1065,454 1172,450 1278,444 1384,439 1490,433 1597,426 1703,422 1809,417 1915,416 2022,413 2128,414 2234,416 2340,420 2447,428 2553,439 2659,452 2766,470"/>
        <TextEquiv>
          <Unicode>soixante dix centimes, folio cingt quatre, case sept </Unicode>
        </TextEquiv>
      </TextLine>

    
    
      <TextLine id="r1l4" >
        <Coords points="2626,449 2588,445 2549,441 2511,433 2484,430 2438,433 2434,433 2430,433 2430,437 2400,464 2254,430 2250,430 2069,453 2031,426 2027,426 2023,426 1589,426 1551,426 1528,426 1528,430 1489,464 1486,468 1271,468 1263,464 1209,445 1205,449 1167,453 1128,453 1090,453 1067,453 1029,464 1021,464 1017,464 1006,456 975,456 936,460 898,460 860,460 821,464 783,464 748,464 748,552 744,568 1509,572 1512,572 1516,572 1520,572 1555,541 1658,537 1831,556 1835,556 1839,556 1843,556 1866,537 2449,537 2572,572 2576,572 2580,576 2757,576 2760,556 2757,468 2653,468 2653,464 2634,449 2626,449"/>
        <Baseline points="749,554 849,552 950,549 1050,546 1151,542 1252,537 1352,533 1453,528 1554,523 1654,518 1755,515 1856,512 1956,509 2057,509 2158,509 2258,512 2359,517 2460,523 2560,532 2661,546 2762,560"/>
        <TextEquiv>
          <Unicode>signé : L. Drevon, Cassal comparaissant pas. A l’appel </Unicode>
        </TextEquiv>
      </TextLine>

    
    
      <TextLine id="r1l5" >
        <Coords points="2622,541 2599,537 2580,552 2557,533 2557,529 2545,529 2542,529 2492,545 2469,526 2469,526 2430,522 2392,518 2373,514 2277,514 2004,514 2000,514 1996,514 1992,514 1962,537 1896,514 1893,514 1889,514 1885,514 1881,514 1843,545 1766,514 1739,518 1720,518 1655,537 1601,518 1585,522 1547,526 1532,526 1505,549 1463,552 1405,556 1278,556 1274,552 1251,533 1244,537 1209,537 1182,552 1167,541 1128,545 1102,545 1086,552 1082,552 821,552 783,552 744,552 744,641 741,652 1297,660 1301,660 1340,660 1770,625 1804,656 1804,660 1808,660 1812,660 1816,660 1820,660 1823,660 1866,629 2250,629 2768,668 2776,656 2776,556 2668,564 2657,552 2649,545 2622,541"/>
        <Baseline points="747,642 848,642 950,641 1051,638 1153,635 1254,630 1356,624 1457,619 1559,614 1660,609 1762,605 1864,602 1965,599 2067,599 2168,599 2270,602 2371,608 2473,615 2574,626 2676,641 2778,659"/>
        <TextEquiv>
          <Unicode>de la cause la demoiselle Mismaque se présenta et conclue </Unicode>
        </TextEquiv>
      </TextLine>

    
    
      <TextLine id="r1l6" >
        <Coords points="2745,652 2718,645 2684,648 2672,641 2664,633 2630,633 2592,629 2584,625 2561,641 2534,660 2507,641 2469,614 2438,614 2400,610 2330,610 2327,610 2323,610 2319,610 2292,633 2265,610 2261,610 2257,610 2254,610 2135,625 2081,606 2077,606 2073,606 2069,606 2008,633 1989,610 1985,610 1985,606 1981,606 1977,606 1850,606 1847,606 1843,606 1739,641 1678,606 1670,606 1631,610 1628,610 1516,641 1478,648 1440,641 1374,625 1370,625 1367,625 1363,625 1340,641 1328,648 1148,648 1136,641 1128,637 1098,637 1059,637 1021,641 983,641 944,641 906,641 867,641 829,645 791,645 752,645 752,725 748,737 1451,729 1593,752 1605,752 1608,752 1612,752 1616,752 1670,721 1774,721 2062,721 2088,744 2092,744 2096,744 2100,744 2400,729 2442,760 2442,764 2446,764 2449,764 2453,764 2457,764 2465,764 2538,733 2772,764 2780,748 2776,645 2745,645 2745,652"/>
        <Baseline points="753,728 854,729 955,729 1057,728 1158,725 1260,720 1361,715 1462,710 1564,705 1665,699 1767,695 1868,692 1969,689 2071,687 2172,689 2274,692 2375,698 2476,706 2578,718 2679,734 2781,752"/>
        <TextEquiv>
          <Unicode>à ce qu’il plut au Bureau Général du dit conseil donner défaut </Unicode>
        </TextEquiv>
      </TextLine>

    
    
      <TextLine id="r1l7" >
        <Coords points="2638,729 2607,721 2484,748 2472,748 2469,748 2419,714 2415,714 2411,714 2407,714 1977,737 1943,714 1939,714 1935,714 1931,714 1839,729 1766,706 1762,706 1666,706 1662,706 1658,706 1655,706 1608,737 1551,710 1547,710 1543,710 1539,710 1536,710 1497,737 1401,737 1378,737 1378,733 1355,714 1336,718 1320,718 1301,733 1297,733 1178,721 1144,725 1105,725 1067,725 1029,729 990,729 952,729 913,729 875,729 837,729 798,729 760,729 756,725 721,725 721,817 718,837 1251,844 1255,844 1259,844 1297,825 1397,844 1401,844 1762,814 1900,817 1931,848 1931,852 1935,852 1939,852 1943,856 2035,856 2035,852 2039,852 2042,852 2104,817 2553,825 2768,860 2776,840 2776,752 2684,752 2684,748 2668,733 2638,729"/>
        <Baseline points="723,821 825,822 928,822 1031,821 1134,819 1236,815 1339,812 1442,806 1545,801 1647,797 1750,794 1853,790 1956,788 2058,788 2161,788 2264,791 2367,797 2469,803 2572,814 2675,828 2778,843"/>
        <TextEquiv>
          <Unicode>contre Cassal non comparaissant ni personne pour lui </Unicode>
        </TextEquiv>
      </TextLine>

    
    
      <TextLine id="r1l8" >
        <Coords points="2603,817 2592,814 2553,833 2480,802 2453,802 2250,817 2158,798 2154,798 2150,798 2039,833 2004,802 2004,798 2000,798 1996,798 1904,794 1900,794 1896,794 1785,825 1735,794 1731,794 1727,794 1724,791 1724,794 1685,794 1647,794 1608,798 1570,798 1547,798 1505,814 1470,802 1455,802 1440,802 1413,829 1413,833 1405,829 1351,810 1347,810 1344,810 1328,810 1301,814 1290,814 1132,825 1094,829 1086,825 1079,821 1071,821 1032,821 994,821 983,821 975,825 971,825 917,825 879,825 840,825 725,825 725,910 721,936 1021,925 1317,952 1355,952 1359,952 1363,952 1367,952 1416,925 1516,936 1520,936 1766,910 1793,933 1793,936 1797,936 1800,936 1804,936 1808,936 1812,936 1850,906 1900,906 1927,925 1931,925 1935,925 1939,925 2108,910 2127,925 2127,929 2131,929 2135,929 2138,929 2142,929 2146,929 2169,910 2269,929 2273,929 2469,913 2768,967 2776,936 2772,844 2664,844 2657,840 2615,817 2603,817"/>
        <Baseline points="729,911 831,914 933,914 1036,914 1138,912 1241,908 1343,905 1446,901 1548,897 1651,892 1753,888 1855,885 1958,882 2060,882 2163,882 2265,885 2368,891 2470,898 2573,909 2675,922 2778,939"/>
        <TextEquiv>
          <Unicode>quoique dument appelé ; Et adjugeant le profit du dit défaut </Unicode>
        </TextEquiv>
      </TextLine>

    
    
      <TextLine id="r1l9" >
        <Coords points="2691,925 2653,921 2615,913 2599,921 2588,910 2576,910 2557,906 2545,917 2419,898 2415,898 2411,898 2315,929 2288,906 2288,902 2284,902 2280,902 2277,902 2273,902 2192,925 2131,894 2127,894 1827,890 1823,890 1820,890 1816,890 1816,894 1797,910 1774,890 1774,887 1751,887 1697,925 1562,910 1559,910 1555,910 1551,910 1528,933 1455,906 1451,906 1447,906 1443,906 1393,933 1390,933 944,929 940,925 929,917 929,917 890,917 852,917 814,913 798,913 737,921 737,998 733,1013 1382,1025 1386,1025 1390,1025 1466,1002 2008,1002 2526,1009 2757,1044 2764,1029 2764,948 2695,925 2691,925"/>
        <Baseline points="741,999 842,1004 943,1007 1044,1007 1146,1005 1247,1003 1348,999 1449,995 1551,990 1652,985 1753,981 1854,977 1956,974 2057,972 2158,974 2259,976 2361,981 2462,989 2563,1000 2664,1014 2766,1032"/>
        <TextEquiv>
          <Unicode>le Condamner à lui payer avec intérêt suivant la loi la somme </Unicode>
        </TextEquiv>
      </TextLine>

    
    
      <TextLine id="r1l10" >
        <Coords points="2568,1002 2538,998 2511,1017 2423,994 2419,994 2415,994 2411,994 2353,1017 2261,990 2257,990 2254,990 2250,990 2246,990 2200,1021 2062,986 2058,986 2054,986 1889,1006 1808,986 1804,986 1800,986 1797,986 1701,1017 1662,983 1651,986 1624,986 1516,1002 1478,990 1459,994 1420,998 1409,998 1382,1017 1359,998 1344,1002 1305,1002 1297,1002 1274,1017 1251,1002 1228,1006 1190,1006 1159,1006 1117,1017 1102,1006 1075,1006 1048,1006 1032,1017 729,1017 729,1094 725,1113 1589,1117 1593,1117 1597,1117 1689,1094 1992,1094 2015,1117 2015,1121 2019,1121 2023,1121 2027,1121 2031,1121 2073,1102 2526,1102 2749,1132 2757,1117 2757,1036 2607,1036 2607,1032 2572,1002 2568,1002"/>
        <Baseline points="732,1097 833,1100 934,1100 1036,1100 1137,1098 1239,1095 1340,1092 1441,1088 1543,1083 1644,1079 1746,1076 1847,1072 1948,1070 2050,1068 2151,1070 2253,1071 2354,1076 2455,1083 2557,1092 2658,1104 2760,1119"/>
        <TextEquiv>
          <Unicode>de quatorze francs qu’il lui doit pour prix de travaux par </Unicode>
        </TextEquiv>
      </TextLine>

    
    
      <TextLine id="r1l11" >
        <Coords points="2684,1109 2668,1105 2668,1109 2653,1121 2626,1098 2607,1098 2568,1094 2530,1090 2492,1086 2453,1086 2423,1082 2376,1121 2376,1125 2304,1125 2304,1121 2261,1082 2261,1079 2257,1079 2254,1079 2204,1075 2200,1075 1866,1098 1823,1071 1804,1075 1766,1075 1727,1079 1689,1079 1651,1079 1616,1094 1536,1082 1536,1086 1497,1086 1478,1086 1447,1109 1416,1090 1382,1090 1344,1090 1313,1090 1271,1105 1013,1105 1006,1098 998,1102 959,1102 921,1102 883,1102 844,1102 806,1098 771,1098 729,1098 729,1186 725,1209 1113,1217 1117,1217 1128,1217 1224,1194 1294,1217 1297,1217 1301,1217 1482,1190 1731,1194 1800,1224 1804,1224 1808,1224 1812,1224 1870,1198 2188,1198 2234,1224 2238,1224 2242,1224 2246,1224 2442,1201 2760,1236 2768,1213 2768,1125 2703,1109 2684,1109"/>
        <Baseline points="732,1190 833,1191 935,1191 1037,1190 1139,1188 1241,1185 1343,1182 1444,1179 1546,1175 1648,1172 1750,1169 1852,1167 1954,1166 2056,1166 2157,1166 2259,1169 2361,1173 2463,1180 2565,1190 2667,1200 2769,1214"/>
        <TextEquiv>
          <Unicode>elle faits pour son compte et d’après ses ordres, plus celle de </Unicode>
        </TextEquiv>
      </TextLine>

    
    
      <TextLine id="r1l12" >
        <Coords points="2634,1198 2595,1194 2557,1186 2519,1186 2480,1182 2442,1182 2438,1182 2434,1182 2430,1182 2411,1201 2365,1186 2361,1186 2357,1186 2353,1186 2350,1186 2323,1205 2296,1186 2296,1182 2292,1182 2288,1182 2284,1182 2280,1182 2181,1217 2100,1217 2050,1175 2046,1175 2042,1175 1916,1175 1912,1175 1908,1175 1781,1209 1747,1175 1747,1171 1743,1171 1739,1171 1716,1171 1678,1171 1639,1175 1612,1175 1536,1213 1532,1213 1463,1178 1447,1178 1409,1182 1397,1182 1301,1209 1056,1209 940,1209 936,1205 917,1190 910,1194 871,1194 833,1194 821,1205 817,1205 718,1205 718,1278 714,1297 1344,1297 1436,1313 1466,1317 1470,1317 1474,1317 1482,1313 1524,1294 1655,1317 1670,1317 1674,1317 1678,1317 1681,1317 1743,1286 1877,1286 1908,1313 1908,1317 1912,1317 1916,1317 1919,1317 1923,1317 1973,1290 2142,1313 2146,1313 2415,1294 2753,1328 2760,1301 2760,1228 2695,1228 2695,1224 2664,1198 2634,1198"/>
        <Baseline points="720,1281 822,1283 924,1283 1026,1281 1128,1280 1230,1278 1332,1275 1435,1272 1537,1269 1639,1266 1741,1263 1843,1262 1945,1260 2047,1260 2150,1260 2252,1263 2354,1267 2456,1272 2558,1281 2660,1290 2763,1302"/>
        <TextEquiv>
          <Unicode>neuf francs à titre d’indemnité  pour le préjudice qu’il lui a </Unicode>
        </TextEquiv>
      </TextLine>

    
    
      <TextLine id="r1l13" >
        <Coords points="1505,1271 1478,1271 1420,1297 1413,1301 1397,1297 1309,1278 1274,1278 1244,1278 1186,1297 1182,1297 1144,1278 1121,1282 1105,1282 1075,1297 1071,1297 1044,1297 883,1286 852,1286 814,1282 775,1282 756,1282 698,1294 698,1370 695,1393 1363,1386 1478,1405 1482,1405 1486,1405 1562,1386 1620,1405 1624,1405 1628,1405 1631,1405 1704,1382 1797,1401 1800,1401 1804,1401 1808,1401 1808,1397 1827,1382 2046,1382 2603,1390 2726,1416 2734,1393 2730,1305 2522,1313 2484,1301 2388,1271 2384,1271 2015,1267 2012,1267 2008,1267 1962,1290 1701,1267 1697,1267 1693,1267 1689,1267 1689,1271 1655,1301 1651,1305 1570,1305 1562,1297 1520,1267 1505,1271"/>
        <Baseline points="699,1374 800,1377 902,1379 1004,1379 1106,1377 1208,1376 1310,1373 1411,1370 1513,1365 1615,1363 1717,1359 1819,1357 1921,1355 2023,1355 2124,1355 2226,1356 2328,1360 2430,1366 2532,1373 2634,1383 2736,1397"/>
        <TextEquiv>
          <Unicode>causé en lui laissant pas faire sa huitaine de congé </Unicode>
        </TextEquiv>
      </TextLine>

    
    
      <TextLine id="r1l14" >
        <Coords points="2630,1386 2592,1378 2565,1374 2492,1401 2476,1405 2461,1401 2388,1378 2384,1378 2380,1378 2376,1378 2315,1397 2300,1405 2292,1397 2250,1370 2246,1370 2242,1370 2092,1367 2088,1367 2085,1367 2035,1390 2015,1370 2015,1367 2012,1367 2008,1367 2004,1367 1896,1386 1862,1363 1858,1363 1854,1363 1850,1363 1685,1393 1658,1397 1624,1393 1482,1363 1482,1367 1443,1367 1405,1370 1401,1370 1351,1390 1344,1393 1332,1390 1294,1370 1290,1374 1251,1374 1228,1374 1190,1390 1182,1390 1167,1390 1102,1378 1098,1378 1059,1378 1021,1378 983,1382 967,1382 959,1386 714,1386 714,1459 710,1482 1297,1478 1320,1497 1324,1497 1328,1497 1332,1497 1336,1497 1340,1497 1390,1470 1593,1497 1597,1497 1601,1497 1605,1497 1628,1474 1873,1470 1943,1497 1946,1497 1950,1497 1954,1497 1958,1497 1981,1474 2169,1474 2753,1512 2760,1486 2757,1405 2661,1386 2630,1386"/>
        <Baseline points="717,1460 819,1464 921,1466 1023,1467 1126,1467 1228,1466 1330,1464 1433,1461 1535,1458 1637,1455 1740,1452 1842,1449 1944,1448 2046,1448 2149,1448 2251,1449 2353,1452 2456,1458 2558,1466 2660,1475 2763,1487"/>
        <TextEquiv>
          <Unicode>ainsi que le veulent l’usage et l’égalité et condamner en </Unicode>
        </TextEquiv>
      </TextLine>

    
    
      <TextLine id="r1l15" >
        <Coords points="2522,1463 2484,1459 2449,1459 2446,1459 2442,1459 2438,1459 2380,1493 2277,1466 2273,1466 2269,1466 2265,1466 2192,1497 2154,1459 2154,1455 2150,1455 2146,1455 2081,1451 2077,1451 1850,1489 1797,1451 1793,1451 1754,1451 1716,1455 1585,1470 1512,1459 1486,1459 1447,1459 1409,1463 1370,1463 1336,1463 1297,1482 1117,1482 1117,1478 1098,1470 1063,1470 1025,1470 1009,1466 998,1478 986,1478 929,1466 910,1466 871,1466 833,1466 829,1463 821,1474 817,1474 718,1474 718,1551 714,1574 2023,1574 2123,1597 2146,1601 2150,1601 2173,1597 2265,1578 2327,1601 2338,1605 2342,1605 2346,1605 2350,1605 2365,1601 2434,1582 2749,1605 2757,1585 2753,1509 2611,1509 2607,1505 2545,1463 2522,1463"/>
        <Baseline points="720,1554 822,1558 924,1559 1026,1560 1128,1559 1230,1559 1332,1557 1434,1554 1536,1553 1638,1550 1740,1548 1842,1547 1944,1547 2046,1547 2148,1547 2250,1550 2352,1553 2454,1559 2556,1566 2658,1575 2760,1587"/>
        <TextEquiv>
          <Unicode>outre aux dépens. Point de Droit -  Devait-on donner </Unicode>
        </TextEquiv>
      </TextLine>

    
    
      <TextLine id="r1l16" >
        <Coords points="1612,1551 1608,1551 1605,1551 1551,1574 1428,1555 1424,1555 1420,1555 1355,1570 1332,1555 1320,1559 1282,1559 1244,1559 1205,1559 1167,1559 1128,1559 1090,1559 1052,1559 1013,1559 975,1559 944,1559 706,1562 706,1647 702,1681 1282,1689 1286,1689 1290,1689 1294,1689 1324,1666 1478,1689 1482,1689 1597,1666 1616,1689 1620,1689 1620,1693 1624,1693 1628,1693 1631,1693 1635,1693 1689,1670 1935,1670 1954,1689 1954,1693 1958,1693 1962,1693 1966,1693 2065,1674 2330,1708 2350,1708 2353,1708 2357,1708 2361,1708 2400,1681 2515,1681 2553,1708 2557,1708 2561,1708 2565,1708 2568,1708 2641,1689 2745,1712 2753,1681 2753,1597 2534,1597 2534,1593 2515,1570 2511,1570 2511,1566 2507,1566 2503,1566 2499,1566 2496,1566 2400,1589 2396,1589 2388,1589 2200,1562 2196,1562 2092,1582 2077,1562 2073,1562 2073,1559 2069,1559 2065,1559 2062,1559 1854,1582 1843,1582 1800,1555 1797,1555 1793,1555 1789,1555 1678,1570 1616,1551 1612,1551"/>
        <Baseline points="708,1649 810,1653 912,1655 1015,1655 1117,1655 1220,1655 1322,1653 1425,1650 1527,1649 1630,1647 1732,1644 1834,1644 1937,1643 2039,1643 2142,1644 2244,1646 2347,1650 2449,1655 2552,1662 2654,1671 2757,1682"/>
        <TextEquiv>
          <Unicode>défaut contre Cassal non comparant ni personne pour lui </Unicode>
        </TextEquiv>
      </TextLine>

    
    
      <TextLine id="r1l17" >
        <Coords points="2618,1670 2580,1662 2572,1658 2388,1658 2384,1658 2380,1658 2376,1658 2319,1693 2265,1666 2261,1666 2257,1666 2254,1666 2196,1693 2142,1655 2138,1655 2135,1655 2015,1651 2012,1651 2008,1651 2004,1651 2004,1655 1977,1678 1931,1647 1927,1647 1923,1647 1812,1647 1774,1647 1735,1647 1724,1647 1720,1647 1716,1647 1712,1647 1674,1678 1624,1647 1620,1647 1593,1647 1524,1678 1478,1651 1466,1651 1428,1651 1390,1651 1351,1651 1332,1651 1309,1674 1290,1674 1044,1655 1044,1655 1006,1655 967,1655 929,1655 890,1655 852,1655 817,1655 698,1658 698,1739 695,1774 2419,1774 2684,1785 2757,1816 2768,1785 2768,1708 2699,1708 2699,1704 2630,1670 2618,1670"/>
        <Baseline points="699,1742 802,1746 906,1751 1009,1752 1113,1752 1217,1752 1320,1751 1424,1748 1528,1746 1631,1743 1735,1742 1839,1740 1942,1739 2046,1739 2150,1740 2253,1743 2357,1746 2461,1753 2564,1762 2668,1773 2772,1787"/>
        <TextEquiv>
          <Unicode>quoique dument appelé et pour le profit adjuger la demanderesse </Unicode>
        </TextEquiv>
      </TextLine>

    
    
      <TextLine id="r1l18" >
        <Coords points="2465,1754 2457,1751 2384,1785 2265,1751 2261,1751 2257,1751 2158,1770 2123,1747 2119,1747 2115,1747 2112,1747 1996,1766 1939,1743 1935,1743 1931,1743 1927,1743 1881,1766 1862,1747 1862,1743 1858,1743 1854,1743 1812,1743 1774,1743 1762,1743 1758,1743 1754,1743 1751,1743 1727,1762 1701,1743 1697,1743 1658,1743 1647,1743 1478,1758 1466,1747 1466,1747 1428,1747 1390,1751 1386,1751 1317,1770 948,1770 902,1747 890,1747 860,1747 837,1762 794,1743 775,1743 741,1743 698,1762 698,1835 695,1858 1340,1881 1344,1881 1401,1870 1459,1858 1528,1870 1608,1885 1612,1885 1616,1885 1658,1873 1701,1862 1743,1873 1797,1889 1800,1889 1804,1889 1808,1889 1835,1873 1870,1858 1969,1858 2096,1877 2100,1877 2104,1877 2115,1877 2419,1866 2449,1881 2484,1900 2488,1900 2492,1900 2496,1900 2542,1885 2565,1877 2741,1885 2749,1866 2745,1793 2496,1754 2465,1754"/>
        <Baseline points="702,1838 804,1841 906,1844 1009,1845 1111,1845 1214,1844 1316,1842 1419,1841 1521,1839 1624,1837 1726,1835 1828,1833 1931,1833 2033,1833 2136,1833 2238,1836 2341,1839 2443,1844 2546,1850 2648,1859 2751,1869"/>
        <TextEquiv>
          <Unicode>les Conclusions par elle précédemment prises ? Que devait-il </Unicode>
        </TextEquiv>
      </TextLine>

    
    
      <TextLine id="r1l19" >
        <Coords points="2588,1854 2565,1850 2476,1885 2442,1854 2442,1850 2438,1850 2434,1850 2430,1850 2219,1862 2192,1843 2188,1843 2184,1843 2181,1843 2004,1870 1919,1839 1916,1839 1912,1839 1908,1839 1804,1870 1774,1843 1770,1843 1766,1843 1762,1843 1758,1843 1666,1870 1655,1870 1643,1870 1516,1839 1512,1839 1474,1839 1440,1839 1401,1862 1397,1862 1248,1862 1244,1858 1221,1843 1205,1847 1167,1847 1148,1858 1144,1858 1102,1847 1090,1847 1052,1847 1029,1847 1021,1854 983,1847 975,1847 936,1847 898,1843 860,1843 821,1843 817,1839 706,1847 706,1927 702,1943 1386,1954 1416,1966 1463,1977 1466,1977 1470,1977 1528,1969 1601,1954 1678,1973 1708,1977 1712,1977 1716,1977 1727,1973 1774,1954 2208,1958 2323,1962 2380,1992 2392,1996 2396,1996 2400,2000 2530,2000 2530,1996 2534,1996 2538,1996 2572,1969 2760,2000 2768,1969 2768,1893 2638,1893 2634,1889 2592,1854 2588,1854"/>
        <Baseline points="708,1929 811,1934 914,1936 1017,1938 1120,1938 1223,1938 1326,1937 1429,1937 1532,1935 1635,1934 1738,1934 1841,1932 1944,1932 2047,1933 2150,1934 2253,1937 2356,1940 2459,1945 2562,1951 2665,1959 2769,1970"/>
        <TextEquiv>
          <Unicode>être statué à l’égard des dépens ? Après avoir entendu la demanderesse </Unicode>
        </TextEquiv>
      </TextLine>

    
    
      <TextLine id="r1l20" >
        <Coords points="2703,1966 2695,1962 2626,1985 2607,1962 2603,1962 2603,1958 2599,1958 2595,1958 2592,1958 2588,1958 2515,1985 2507,1985 2499,1981 2426,1962 2423,1962 2419,1962 2415,1962 2411,1962 2392,1977 2388,1981 2346,1977 2211,1962 2208,1962 2150,1969 2092,1977 2023,1966 1912,1943 1908,1943 1904,1943 1900,1943 1877,1958 1862,1969 1839,1958 1804,1943 1800,1943 1797,1943 1793,1943 1770,1954 1747,1969 1724,1954 1708,1939 1704,1939 1701,1939 1697,1939 1589,1946 1428,1962 1367,1939 1359,1939 1320,1939 1282,1939 1244,1939 1228,1939 1063,1954 883,1935 860,1935 821,1935 783,1931 744,1931 706,1931 706,2019 702,2050 1520,2050 1708,2069 1743,2073 1747,2073 1758,2073 1854,2050 2423,2058 2484,2088 2488,2088 2492,2088 2496,2088 2499,2088 2503,2088 2580,2065 2760,2092 2768,2065 2768,1989 2734,1966 2703,1966"/>
        <Baseline points="708,2021 811,2025 914,2029 1017,2031 1120,2033 1223,2034 1326,2033 1429,2033 1532,2032 1635,2031 1738,2030 1841,2030 1944,2030 2047,2030 2150,2031 2253,2033 2356,2037 2459,2041 2562,2047 2665,2057 2769,2066"/>
        <TextEquiv>
          <Unicode>Mismaque en ses demandes et conclusions et en avoir délibéré </Unicode>
        </TextEquiv>
      </TextLine>

    
    
      <TextLine id="r1l21" >
        <Coords points="2718,2062 2680,2058 2641,2054 2626,2050 2492,2069 2484,2069 2361,2069 2361,2065 2338,2046 2338,2042 2334,2042 2330,2042 2327,2042 2142,2062 2138,2062 2115,2042 2115,2039 2112,2039 2108,2039 1827,2035 1823,2035 1731,2054 1704,2058 1681,2050 1616,2031 1612,2031 1608,2031 1532,2046 1443,2035 1413,2035 1374,2035 1363,2035 1351,2042 1344,2050 1336,2042 1324,2035 1297,2035 1259,2035 1221,2035 1182,2035 1155,2035 1152,2039 1152,2042 1148,2039 1140,2031 1105,2031 1102,2031 1086,2039 1071,2046 1044,2039 1021,2031 990,2031 956,2031 944,2035 910,2042 683,2031 683,2119 679,2146 2749,2169 2757,2150 2757,2073 2726,2062 2718,2062"/>
        <Baseline points="684,2123 787,2125 891,2127 995,2127 1099,2127 1203,2129 1306,2129 1410,2129 1514,2127 1618,2127 1722,2127 1825,2127 1929,2127 2033,2129 2137,2130 2241,2132 2344,2135 2448,2138 2552,2141 2656,2147 2760,2153"/>
        <TextEquiv>
          <Unicode>Conformément à la loi, attendu que la demande de la demoiselle </Unicode>
        </TextEquiv>
      </TextLine>

    
    
      <TextLine id="r1l22" >
        <Coords points="1689,2127 1685,2127 1681,2127 1647,2142 1631,2150 1559,2142 1405,2127 1378,2131 1367,2131 1297,2142 1259,2146 1248,2142 1224,2131 1186,2127 1155,2138 1152,2142 1152,2138 1136,2127 1109,2127 1075,2127 1017,2138 994,2142 967,2138 894,2127 879,2127 840,2127 802,2127 768,2123 687,2135 687,2211 683,2227 817,2250 821,2250 825,2250 883,2231 902,2227 913,2234 956,2254 959,2254 963,2254 1155,2238 1198,2234 1205,2238 1224,2257 1228,2257 1232,2257 1236,2257 1509,2242 1635,2238 1666,2246 1724,2265 1727,2265 1731,2265 1735,2265 1739,2265 1766,2250 1777,2242 1900,2250 2127,2269 2131,2269 2135,2269 2138,2269 2158,2257 2177,2246 2757,2265 2764,2242 2760,2154 2534,2165 2392,2150 2292,2138 2288,2138 2284,2138 2280,2138 2269,2150 2246,2161 2192,2146 2138,2135 2135,2135 1889,2131 1885,2131 1881,2131 1827,2146 1793,2154 1758,2146 1693,2127 1689,2127"/>
        <Baseline points="689,2214 792,2216 896,2216 1000,2217 1104,2217 1208,2217 1312,2217 1415,2217 1519,2217 1623,2217 1727,2217 1831,2217 1935,2219 2039,2220 2142,2222 2246,2223 2350,2226 2454,2230 2558,2234 2662,2240 2766,2246"/>
        <TextEquiv>
          <Unicode>Mismaque paraît juste et fondée ; que d’ailleurs elle n’est pas contestée </Unicode>
        </TextEquiv>
      </TextLine>

    
    
      <TextLine id="r1l23" >
        <Coords points="1616,2219 1605,2219 1566,2219 1528,2219 1516,2219 1512,2219 1509,2219 1505,2219 1463,2250 1459,2250 1443,2250 1340,2227 1336,2227 1332,2227 1274,2246 1271,2246 1267,2246 1217,2219 1182,2219 1171,2219 1105,2242 1052,2219 1029,2219 1006,2219 975,2234 959,2219 952,2219 913,2219 875,2219 840,2219 683,2234 683,2311 679,2334 2730,2365 2737,2342 2734,2269 2603,2269 2595,2265 2484,2231 2480,2231 2476,2231 2277,2261 2261,2261 2257,2261 2200,2231 2196,2231 2192,2231 2188,2231 2092,2257 2085,2257 2073,2257 1827,2223 1762,2223 1758,2223 1754,2223 1751,2223 1712,2254 1708,2254 1620,2219 1616,2219"/>
        <Baseline points="684,2313 786,2315 889,2315 992,2316 1095,2316 1197,2316 1300,2316 1403,2318 1506,2318 1608,2318 1711,2319 1814,2319 1917,2321 2019,2322 2122,2324 2225,2326 2328,2328 2430,2331 2533,2335 2636,2339 2739,2343"/>
        <TextEquiv>
          <Unicode>par Cassal non comparant ni personne pour lui </Unicode>
        </TextEquiv>
      </TextLine>

    
    
      <TextLine id="r1l24" >
        <Coords points="2649,2342 2615,2338 2496,2365 2484,2365 2280,2365 2277,2361 2227,2327 2223,2327 2219,2327 2215,2327 2211,2327 2088,2357 1973,2323 1969,2323 1966,2323 1735,2342 1712,2323 1712,2319 1708,2319 1704,2319 1689,2319 1651,2319 1612,2319 1574,2319 1539,2319 1536,2319 1532,2319 1463,2350 1363,2323 1359,2323 1355,2323 1351,2323 1271,2346 1240,2319 1228,2319 1213,2319 1167,2342 867,2323 863,2323 779,2338 733,2315 729,2315 706,2315 691,2327 691,2403 687,2434 2726,2453 2734,2434 2734,2369 2661,2342 2649,2342"/>
        <Baseline points="693,2406 795,2408 897,2409 999,2409 1101,2411 1203,2412 1305,2414 1408,2414 1510,2415 1612,2417 1714,2417 1816,2418 1918,2420 2020,2421 2123,2423 2225,2424 2327,2426 2429,2427 2531,2430 2633,2432 2736,2435"/>
        <TextEquiv>
          <Unicode>quoique dument appelé ; Par ces motif – Le Bureau Général </Unicode>
        </TextEquiv>
      </TextLine>

    
    
      <TextLine id="r1l25" >
        <Coords points="2296,2426 2257,2426 2219,2423 2181,2423 2150,2423 2004,2442 1985,2442 1969,2423 1966,2423 1950,2423 1931,2419 1808,2434 1743,2419 1720,2419 1681,2419 1678,2419 1639,2434 1574,2415 1566,2415 1539,2415 1486,2434 1478,2434 1271,2434 1267,2430 1228,2415 1221,2415 1182,2411 1167,2411 1125,2426 1102,2411 1067,2411 1029,2411 990,2411 952,2411 917,2411 683,2419 683,2499 679,2530 2726,2553 2734,2530 2734,2453 2304,2426 2296,2426"/>
        <Baseline points="684,2502 786,2502 889,2504 991,2505 1094,2507 1197,2508 1299,2510 1402,2511 1504,2512 1607,2514 1710,2516 1812,2517 1915,2519 2017,2520 2120,2522 2223,2525 2325,2526 2428,2528 2530,2529 2633,2532 2736,2534"/>
        <TextEquiv>
          <Unicode>jugeant en dernier ressort – Donne défaut contre Cassal </Unicode>
        </TextEquiv>
      </TextLine>

    
    
      <TextLine id="r1l26" >
        <Coords points="967,2507 963,2507 925,2507 887,2507 863,2503 794,2503 791,2503 656,2526 656,2592 652,2618 2726,2668 2734,2634 2730,2545 2519,2565 2257,2542 2138,2530 2027,2530 2023,2530 2019,2530 2015,2530 2004,2538 1985,2553 1923,2538 1877,2526 1873,2526 1870,2526 1758,2538 1662,2545 1643,2534 1624,2526 1620,2526 1616,2526 1520,2534 1447,2542 1440,2534 1428,2526 1428,2522 1424,2522 1420,2522 1416,2522 1117,2530 1017,2534 1009,2530 971,2507 967,2507"/>
        <Baseline points="660,2595 763,2597 867,2598 971,2598 1075,2600 1179,2601 1282,2603 1386,2604 1490,2606 1594,2608 1698,2610 1801,2612 1905,2613 2009,2616 2113,2618 2217,2621 2320,2624 2424,2627 2528,2630 2632,2633 2736,2636"/>
        <TextEquiv>
          <Unicode>non comparant ni personne pour quoique dument appelé</Unicode>
        </TextEquiv>
      </TextLine>

    
    
      <TextLine id="r1l27" >
        <Coords points="2615,2630 2576,2630 2565,2630 2561,2630 2557,2630 2553,2630 2553,2634 2542,2641 2530,2657 2407,2657 2342,2653 2330,2641 2307,2622 2269,2622 2265,2622 2154,2638 2146,2638 2135,2638 1992,2615 1989,2615 1985,2615 1923,2638 1908,2641 1893,2634 1850,2615 1847,2615 1808,2615 1681,2634 1624,2641 1562,2634 1409,2607 1386,2607 1374,2603 1347,2630 1344,2634 1336,2630 1286,2611 1282,2611 1278,2611 1194,2630 1163,2634 1044,2634 1040,2626 1021,2611 1021,2607 1017,2607 1013,2607 1009,2607 1006,2607 975,2622 948,2599 925,2599 902,2599 695,2622 695,2691 691,2714 2741,2757 2749,2726 2745,2645 2661,2657 2645,2641 2634,2634 2634,2630 2615,2630"/>
        <Baseline points="696,2694 798,2696 901,2697 1004,2699 1107,2700 1209,2702 1312,2703 1415,2706 1518,2708 1620,2709 1723,2712 1826,2714 1929,2716 2031,2718 2134,2720 2237,2721 2340,2724 2442,2726 2545,2727 2648,2729 2751,2730"/>
        <TextEquiv>
          <Unicode>régulièrement quoique dument appelé ; Et adjugeant le profit </Unicode>
        </TextEquiv>
      </TextLine>

    
    
      <TextLine id="r1l28" >
        <Coords points="2664,2730 2626,2730 2588,2730 2576,2730 2472,2741 2434,2726 2434,2726 2396,2726 2376,2726 2342,2749 2254,2749 2234,2722 2231,2722 2204,2722 2173,2745 2031,2745 1896,2714 1896,2714 1862,2714 1804,2737 1716,2734 1693,2711 1666,2711 1628,2711 1589,2711 1551,2711 1539,2707 1405,2718 1190,2703 1167,2703 1128,2703 1090,2699 1052,2699 1013,2699 986,2699 948,2718 902,2699 898,2699 860,2699 840,2699 791,2714 721,2695 706,2695 706,2784 702,2810 2684,2845 2691,2818 2684,2730 2664,2730"/>
        <Baseline points="708,2786 807,2786 906,2787 1005,2789 1105,2792 1204,2793 1303,2796 1402,2799 1502,2802 1601,2805 1700,2807 1799,2810 1899,2813 1998,2814 2097,2817 2196,2819 2296,2820 2395,2820 2494,2822 2593,2820 2693,2820"/>
        <TextEquiv>
          <Unicode>du dit défaut Condamne Cassal à payer avec intérêts </Unicode>
        </TextEquiv>
      </TextLine>

    
    
      <TextLine id="r1l30" >
        <Coords points="2476,2822 2442,2833 2423,2822 2396,2822 2357,2822 2319,2822 2112,2841 2100,2841 2096,2841 2031,2814 2012,2814 1973,2814 1958,2814 1908,2822 1900,2814 1896,2814 1858,2810 1831,2810 1731,2826 1655,2807 1628,2807 1605,2803 1559,2830 1547,2830 1251,2795 1244,2795 1205,2795 1159,2822 1086,2822 1059,2822 1059,2818 1025,2791 1013,2791 986,2787 948,2799 906,2787 898,2787 860,2787 852,2787 806,2810 760,2787 744,2787 721,2787 706,2799 706,2880 702,2906 2734,2945 2741,2926 2741,2856 2538,2853 2538,2849 2507,2822 2476,2822"/>
        <Baseline points="708,2880 809,2883 911,2885 1013,2888 1114,2891 1216,2894 1318,2897 1419,2899 1521,2902 1623,2904 1725,2907 1826,2910 1928,2913 2030,2915 2131,2918 2233,2921 2335,2922 2436,2924 2538,2925 2640,2925 2742,2927"/>
        <TextEquiv>
          <Unicode>suivant la loi à la demoiselle Mismaque la somme de </Unicode>
        </TextEquiv>
      </TextLine>

    
    
      <TextLine id="r1l32" >
        <Coords points="2361,2922 2323,2922 2284,2922 2246,2922 2208,2918 2169,2918 2154,2918 2039,2926 1996,2926 1977,2926 1881,2910 1862,2910 1823,2910 1820,2910 1727,2922 1701,2926 1685,2922 1631,2906 1631,2906 1593,2903 1555,2903 1528,2899 1286,2922 1224,2926 1217,2922 1182,2891 1171,2891 1132,2891 1094,2891 1056,2891 1025,2891 441,2906 395,2887 391,2887 387,2887 384,2887 291,2914 291,3014 288,3029 384,3048 387,3048 472,3033 549,3018 648,3033 679,3037 683,3037 687,3037 691,3037 695,3033 721,3018 1132,3018 1244,3037 1248,3037 1251,3037 1309,3018 1397,3041 1424,3045 1428,3045 1432,3045 1443,3041 1486,3018 1566,3041 1593,3048 1597,3048 1601,3052 2722,3052 2726,3014 2718,2929 2369,2929 2369,2926 2361,2922 2361,2922"/>
        <Baseline points="293,3015 414,3004 536,2995 658,2989 780,2985 902,2984 1024,2984 1145,2985 1267,2987 1389,2991 1511,2995 1633,3000 1755,3005 1877,3009 1998,3014 2120,3017 2242,3020 2364,3021 2486,3022 2608,3021 2730,3017"/>
        <TextEquiv>
          <Unicode>quatorze francs qu’il lui doit pour solde de travaux, </Unicode>
        </TextEquiv>
      </TextLine>

    
    
      <TextLine id="r1l33" >
        <Coords points="2603,3022 2584,3022 2568,3029 2534,3045 2419,3025 2373,3022 2369,3022 2365,3022 2361,3022 2357,3025 2338,3041 2138,3041 2104,3022 2085,3014 2065,3014 2054,3014 2046,3022 2027,3033 2015,3022 2012,3022 2012,3018 2008,3018 2004,3018 2000,3018 1954,3022 1816,3033 1758,3018 1716,3006 1712,3006 1708,3006 1704,3006 1701,3006 1701,3010 1693,3018 1678,3033 1582,3033 1555,3014 1528,2995 1524,2995 1520,2995 1516,2995 1416,3014 1351,3025 1324,3010 1282,2991 1278,2991 1274,2991 1271,2991 1236,3010 1213,3022 1182,3010 1132,2991 1128,2991 1125,2991 986,3006 979,3006 952,2987 948,2987 944,2987 940,2987 936,2987 933,2987 933,2991 913,3006 910,3010 902,3006 879,2987 875,2987 871,2987 837,2987 798,2987 760,2987 752,2987 714,3002 695,3010 683,3002 664,2987 645,2991 610,2991 568,2999 568,3079 564,3141 660,3141 660,3137 664,3137 668,3137 721,3102 1086,3106 1144,3133 1148,3133 1152,3133 1244,3114 1267,3137 1274,3144 1274,3148 1278,3148 1282,3148 1286,3148 1374,3137 1489,3121 1555,3137 1574,3141 1578,3141 1582,3141 1708,3137 1912,3129 1935,3137 2000,3160 2004,3160 2008,3160 2165,3141 2488,3164 2492,3164 2722,3133 2726,3114 2718,3033 2634,3018 2603,3022"/>
        <Baseline points="570,3080 677,3077 785,3077 893,3077 1001,3080 1109,3081 1217,3084 1324,3089 1432,3093 1540,3097 1648,3101 1756,3105 1864,3110 1972,3114 2079,3117 2187,3119 2295,3122 2403,3122 2511,3122 2619,3120 2727,3116"/>
        <TextEquiv>
          <Unicode>plus celle de neuf francs à titre d’indemnité pour le </Unicode>
        </TextEquiv>
      </TextLine>

    
    
      <TextLine id="r1l34" >
        <Coords points="2607,3121 2568,3121 2530,3121 2496,3121 2461,3156 2407,3156 2257,3152 2215,3121 2184,3121 2146,3118 2108,3118 2104,3114 2096,3118 2092,3118 2088,3118 2088,3121 2062,3144 1966,3114 1946,3110 1916,3110 1889,3110 1854,3114 1812,3121 1808,3114 1800,3106 1797,3106 1770,3106 1754,3114 1712,3137 1681,3114 1674,3106 1670,3106 1666,3106 1662,3106 1658,3106 1655,3106 1647,3114 1616,3133 1301,3129 1286,3114 1267,3095 1267,3091 1263,3091 1259,3091 1255,3091 1040,3110 963,3118 948,3110 910,3083 906,3083 902,3083 725,3079 721,3079 718,3079 648,3106 648,3168 645,3214 817,3198 1217,3225 1290,3229 1294,3229 1297,3229 1301,3229 1301,3225 1332,3210 1478,3210 1524,3229 1559,3240 1562,3240 1566,3240 1685,3229 1758,3225 1793,3233 1870,3248 1873,3248 2327,3240 2511,3260 2515,3260 2519,3260 2565,3240 2592,3263 2595,3263 2599,3263 2603,3263 2741,3240 2745,3214 2741,3121 2626,3118 2607,3121"/>
        <Baseline points="651,3170 755,3170 860,3172 965,3174 1070,3177 1175,3182 1280,3186 1384,3190 1489,3194 1594,3198 1699,3203 1804,3207 1909,3211 2014,3215 2118,3216 2223,3219 2328,3221 2433,3221 2538,3220 2643,3218 2748,3215"/>
        <TextEquiv>
          <Unicode>préjudice qu’il lui a causé en ne lui laissant pas faire la huitaine</Unicode>
        </TextEquiv>
      </TextLine>

    
    
      <TextLine id="r1l35" >
        <Coords points="2346,3221 2334,3221 2280,3240 2115,3240 2112,3237 2058,3217 2039,3217 2000,3214 1992,3214 1946,3233 1939,3233 1935,3233 1873,3214 1870,3214 1866,3214 1670,3225 1635,3225 1605,3221 1374,3187 1347,3187 1232,3214 1221,3214 1213,3214 1136,3187 1132,3187 1128,3187 1125,3187 1082,3210 1059,3187 1059,3183 1056,3183 1052,3183 798,3171 794,3171 656,3194 656,3256 652,3294 1063,3294 1094,3310 1125,3321 1128,3321 1132,3321 1186,3310 1228,3302 1282,3310 1374,3329 1378,3329 1382,3329 1424,3313 1436,3310 1447,3313 1489,3333 1493,3333 1497,3333 1501,3333 1562,3317 1593,3310 1608,3317 1643,3336 1647,3336 1770,3340 1774,3340 1973,3325 2019,3321 2023,3325 2039,3344 2042,3344 2042,3348 2046,3348 2050,3348 2054,3348 2545,3344 2618,3363 2622,3363 2626,3363 2741,3336 2745,3313 2745,3256 2592,3233 2588,3233 2403,3244 2388,3244 2361,3221 2346,3221"/>
        <Baseline points="660,3260 764,3263 868,3266 973,3270 1077,3274 1181,3278 1286,3282 1390,3287 1494,3291 1599,3296 1703,3299 1807,3303 1912,3306 2016,3310 2120,3312 2225,3314 2329,3316 2433,3317 2538,3317 2642,3315 2747,3314"/>
        <TextEquiv>
          <Unicode> de congé ainsi qu’il est d’usage. Le condamne en outre aux </Unicode>
        </TextEquiv>
      </TextLine>

    
    
      <TextLine id="r1l36" >
        <Coords points="2484,3317 2480,3317 2476,3317 2465,3321 2369,3344 2327,3317 2296,3317 2277,3317 2123,3336 2039,3313 2023,3306 1989,3306 1969,3306 1950,3310 1873,3329 1593,3306 1539,3302 1536,3302 1532,3302 1528,3302 1528,3306 1505,3317 1486,3302 1466,3290 1463,3290 1459,3290 1455,3290 1355,3302 1309,3306 1297,3302 1271,3279 1259,3279 1255,3279 1182,3298 1167,3302 1159,3298 1128,3275 1125,3275 1121,3275 1117,3275 1113,3275 1067,3290 875,3267 871,3267 867,3267 863,3267 840,3287 829,3271 825,3271 825,3267 821,3267 817,3267 710,3263 706,3263 702,3263 645,3287 645,3348 641,3394 890,3386 1251,3394 1290,3417 1301,3421 1305,3421 1309,3421 1363,3417 1501,3409 1536,3421 1551,3429 1555,3429 2730,3452 2737,3413 2730,3325 2615,3352 2499,3321 2488,3317 2484,3317"/>
        <Baseline points="647,3351 751,3355 856,3359 961,3363 1065,3368 1170,3373 1275,3378 1379,3384 1484,3389 1589,3394 1694,3399 1798,3404 1903,3408 2008,3413 2112,3416 2217,3417 2322,3419 2426,3420 2531,3419 2636,3417 2741,3414"/>
        <TextEquiv>
          <Unicode>dépens taxés et liquidés en vers la demanderesse à la somme de </Unicode>
        </TextEquiv>
      </TextLine>

    
    
      <TextLine id="r1l37" >
        <Coords points="2376,3421 2338,3421 2315,3417 2227,3440 2004,3413 1973,3409 1969,3409 1958,3409 1877,3429 1785,3409 1754,3402 1724,3402 1697,3398 1678,3406 1628,3421 1605,3406 1593,3394 1589,3394 1585,3394 1582,3394 1578,3394 1547,3406 1520,3413 1505,3402 1486,3386 1463,3386 1367,3402 1301,3413 1232,3413 1221,3398 1205,3383 1205,3379 1201,3379 1198,3379 1194,3379 1082,3398 1040,3402 1021,3394 959,3371 956,3371 952,3371 610,3386 610,3448 606,3502 725,3482 902,3505 906,3509 1512,3509 1574,3528 1601,3536 1605,3536 2726,3551 2734,3513 2722,3425 2661,3440 2572,3421 2565,3421 2561,3421 2557,3421 2476,3448 2388,3421 2376,3421"/>
        <Baseline points="614,3452 720,3455 826,3458 932,3462 1038,3467 1144,3472 1250,3479 1356,3485 1462,3491 1568,3498 1674,3504 1780,3510 1886,3515 1992,3519 2098,3522 2204,3525 2310,3527 2416,3525 2522,3524 2628,3520 2735,3515"/>
        <TextEquiv>
          <Unicode>quatre francs vingt un centimes, et à celle de un francs quarante cinq </Unicode>
        </TextEquiv>
      </TextLine>

    
    
      <TextLine id="r1l38" >
        <Coords points="2680,3517 2676,3517 2492,3536 2457,3540 2449,3536 2434,3525 2411,3525 2380,3525 2373,3532 2365,3540 2315,3532 2277,3525 2257,3525 2219,3525 2181,3525 2142,3525 2104,3525 2073,3521 1954,3528 1935,3517 1912,3517 1873,3513 1843,3525 1797,3513 1758,3509 1720,3505 1708,3505 1685,3509 1620,3517 1589,3505 1574,3498 1566,3498 1528,3494 1505,3494 1489,3502 1466,3513 1455,3498 1451,3494 1447,3494 1447,3490 1443,3490 1440,3490 1436,3490 1432,3490 1405,3498 1359,3509 1320,3494 1278,3479 1259,3479 1221,3475 1182,3475 1144,3475 1113,3471 1071,3471 1067,3471 1063,3471 1059,3471 1059,3475 1048,3482 1029,3502 948,3502 902,3479 863,3463 860,3463 856,3463 645,3467 645,3544 641,3575 944,3586 944,3590 1013,3621 1017,3621 1021,3621 1125,3598 1140,3594 1198,3598 1547,3636 1551,3636 1555,3636 1620,3617 1631,3613 1635,3617 1662,3640 1666,3640 1670,3640 1674,3640 1678,3640 1712,3624 1885,3647 1889,3647 1893,3647 1896,3647 1927,3628 1935,3624 1946,3628 2004,3651 2008,3651 2411,3663 2415,3663 2419,3663 2453,3647 2472,3640 2480,3651 2492,3659 2492,3663 2496,3663 2499,3663 2503,3663 2588,3655 2688,3644 2741,3659 2753,3609 2753,3548 2684,3517 2680,3517"/>
        <Baseline points="648,3548 753,3549 858,3554 964,3558 1069,3563 1175,3569 1280,3575 1385,3582 1491,3588 1596,3595 1702,3601 1807,3607 1912,3613 2018,3617 2123,3621 2229,3623 2334,3624 2439,3624 2545,3621 2650,3618 2756,3612"/>
        <TextEquiv>
          <Unicode>centimes envers le Trésor Public pour papier timbré de la présente </Unicode>
        </TextEquiv>
      </TextLine>

    
    
      <TextLine id="r1l39" >
        <Coords points="2469,3621 2442,3621 2376,3640 2353,3644 2342,3640 2311,3624 2284,3624 2269,3636 2261,3640 2208,3632 2077,3617 2073,3617 2015,3628 1992,3632 1989,3628 1977,3613 1973,3613 1969,3613 1946,3613 1935,3624 1931,3628 1904,3624 1812,3609 1808,3609 1681,3617 1628,3621 1624,3617 1616,3605 1612,3605 1612,3601 1608,3601 1605,3601 1601,3601 1463,3609 1420,3613 1413,3609 1370,3582 1367,3582 1363,3582 1359,3582 1182,3601 1140,3605 1017,3605 1013,3598 990,3575 990,3571 986,3571 983,3571 691,3563 687,3563 683,3563 625,3582 625,3644 622,3674 787,3701 791,3705 1401,3705 1432,3705 1497,3732 1501,3732 2250,3755 2254,3755 2426,3740 2469,3736 2503,3740 2634,3767 2638,3767 2718,3747 2722,3709 2718,3651 2572,3651 2561,3644 2488,3621 2469,3621"/>
        <Baseline points="627,3647 731,3647 836,3650 941,3653 1046,3658 1151,3663 1256,3669 1360,3676 1465,3683 1570,3690 1675,3697 1780,3704 1885,3708 1990,3714 2094,3719 2199,3722 2304,3723 2409,3723 2514,3722 2619,3719 2724,3713"/>
        <TextEquiv>
          <Unicode>minute Conformément à la loi du sept aout mil huit cent cinquante ence </Unicode>
        </TextEquiv>
      </TextLine>

    
    
      <TextLine id="r1l40" >
        <Coords points="2365,3724 2327,3724 2288,3724 2250,3724 2211,3724 2123,3740 2096,3720 2096,3720 2058,3717 2046,3717 2008,3736 1985,3713 1981,3713 1943,3713 1927,3709 1866,3732 1620,3701 1616,3701 1524,3720 1474,3686 1470,3682 1451,3682 1447,3686 1382,3717 1301,3678 1294,3678 1290,3678 1286,3678 1274,3678 1186,3697 1128,3674 1117,3671 1113,3671 956,3667 952,3667 948,3667 940,3671 902,3690 883,3667 879,3667 879,3663 875,3663 871,3663 637,3663 637,3736 637,3809 737,3774 986,3778 1048,3809 1052,3809 1056,3809 1059,3809 1105,3786 1125,3809 1128,3809 1128,3813 1132,3813 1136,3813 1140,3813 1144,3813 1217,3790 1236,3813 1240,3813 1240,3816 1244,3816 1248,3816 1251,3816 1255,3816 1305,3793 1416,3793 1478,3824 1501,3836 1505,3836 1509,3836 1566,3828 1639,3816 1689,3828 1735,3843 1739,3843 2726,3847 2734,3801 2718,3720 2664,3755 2630,3724 2626,3724 2622,3724 2618,3724 2615,3724 2611,3724 2576,3755 2488,3755 2376,3724 2365,3724"/>
        <Baseline points="641,3738 745,3740 850,3743 955,3749 1059,3753 1164,3761 1269,3768 1373,3776 1478,3784 1583,3792 1688,3800 1792,3808 1897,3813 2002,3819 2106,3824 2211,3825 2316,3825 2420,3824 2525,3821 2630,3815 2735,3804"/>
        <TextEquiv>
          <Unicode>non compris le cout du présent jugement, la liquidation d’icelui </Unicode>
        </TextEquiv>
      </TextLine>

    
    
      <TextLine id="r1l41" >
        <Coords points="2196,3824 2169,3839 2154,3824 2146,3824 2108,3824 2100,3820 2058,3836 2035,3820 2031,3820 1992,3816 1981,3816 1962,3824 1954,3816 1916,3813 1877,3809 1839,3809 1827,3809 1697,3824 1666,3797 1647,3797 1608,3793 1605,3790 1532,3816 1497,3786 1493,3786 1455,3782 1416,3778 1378,3778 1340,3774 1328,3770 1328,3774 1290,3805 1244,3770 1240,3767 1236,3767 1232,3767 1228,3767 1224,3767 1209,3770 1155,3790 1132,3770 1128,3767 1128,3763 1125,3763 1121,3763 1117,3763 1071,3767 959,3778 933,3763 921,3755 917,3755 913,3755 910,3755 906,3755 902,3755 894,3763 867,3778 852,3759 844,3755 844,3751 840,3751 837,3751 833,3751 648,3751 648,3839 645,3893 748,3874 833,3901 852,3909 856,3909 860,3909 863,3909 883,3905 959,3882 1497,3916 1996,3951 2000,3951 2718,3943 2722,3916 2714,3820 2519,3855 2234,3847 2215,3828 2215,3824 2196,3824"/>
        <Baseline points="650,3842 753,3843 857,3846 961,3851 1064,3856 1168,3864 1272,3871 1375,3879 1479,3887 1583,3894 1687,3903 1790,3910 1894,3917 1998,3923 2101,3927 2205,3930 2309,3932 2412,3932 2516,3929 2620,3925 2724,3917"/>
        <TextEquiv>
          <Unicode>et ses suites. Et vu les articles 435 du code de </Unicode>
        </TextEquiv>
      </TextLine>

    
    
      <TextLine id="r1l42" >
        <Coords points="2499,3932 2461,3932 2423,3932 2411,3932 2407,3932 2403,3932 2369,3955 2004,3947 1923,3920 1923,3920 1885,3916 1847,3935 1800,3909 1770,3909 1731,3905 1693,3905 1662,3909 1543,3920 1486,3905 1420,3882 1393,3882 1332,3897 1224,3866 1194,3866 1182,3863 1002,3859 998,3859 994,3859 944,3878 902,3859 898,3859 894,3859 890,3859 887,3859 856,3882 821,3851 817,3851 814,3851 714,3847 710,3847 706,3847 618,3882 618,3935 618,3997 710,3974 913,3974 1144,4008 1148,4008 1152,4008 1178,3993 1194,4012 1205,4020 1205,4024 1209,4024 1213,4024 1217,4024 1282,4012 1359,4001 1536,4020 1804,4047 2350,4066 2353,4066 2357,4066 2419,4043 2442,4066 2442,4070 2446,4070 2449,4070 2453,4070 2691,4043 2695,4016 2688,3928 2511,3928 2499,3932"/>
        <Baseline points="621,3938 724,3939 828,3943 932,3948 1036,3954 1140,3962 1244,3969 1348,3978 1452,3986 1556,3995 1660,4004 1763,4010 1867,4018 1971,4025 2075,4030 2179,4033 2283,4035 2387,4035 2491,4032 2595,4028 2699,4020"/>
        <TextEquiv>
          <Unicode>procédure civile, 27 et 42 du décret du onze juin </Unicode>
        </TextEquiv>
      </TextLine>

    
    
      <TextLine id="r1l43" >
        <Coords points="2373,4035 2357,4043 2292,4070 2142,4066 2115,4035 2108,4031 2100,4031 2069,4028 2050,4035 1973,4055 1843,4055 1781,4051 1758,4024 1739,4008 1716,4008 1678,4005 1639,4001 1601,3997 1597,3997 1593,3997 1589,3997 1555,4020 1547,4024 1539,4020 1486,3989 1482,3989 1478,3989 1474,3989 1470,3989 1428,4016 1413,4024 1393,4016 1324,3982 1320,3982 1317,3982 1313,3982 1251,4012 1236,4020 1228,4008 1198,3978 1198,3974 1194,3974 1190,3974 1098,3970 1094,3970 1090,3970 1086,3970 1044,4001 963,3962 959,3962 956,3962 771,3978 737,3951 733,3951 729,3951 725,3951 721,3951 641,3985 641,4047 633,4143 860,4139 871,4154 879,4166 883,4166 883,4170 887,4170 890,4170 1036,4177 1040,4177 1044,4177 1048,4177 1048,4174 1063,4162 1075,4151 1105,4162 1152,4181 1155,4181 1159,4181 1163,4181 1167,4181 1186,4166 1213,4143 1274,4143 1420,4174 1528,4193 1532,4193 1536,4193 1578,4177 1620,4162 1747,4162 1823,4185 1989,4224 1992,4224 1996,4224 2092,4193 2115,4185 2131,4193 2204,4231 2208,4231 2384,4243 2388,4243 2392,4243 2484,4204 2611,4227 2615,4227 2703,4208 2707,4147 2703,4055 2630,4047 2626,4047 2622,4047 2618,4047 2615,4051 2553,4085 2438,4047 2403,4035 2373,4035"/>
        <Baseline points="645,4050 748,4053 851,4058 954,4064 1058,4071 1161,4078 1264,4086 1368,4094 1471,4104 1574,4112 1678,4121 1781,4129 1884,4137 1987,4143 2091,4149 2194,4154 2297,4157 2401,4158 2504,4157 2607,4155 2711,4149"/>
        <TextEquiv>
          <Unicode>1809 pour signifier au défendeur le présent jugement, </Unicode>
        </TextEquiv>
      </TextLine>

    
    </TextRegion>
    
  </Page>
</PcGts>
