3072 4608
510 276 2630 510 la fabrication aussi bien que le Commerce de passementerie la durée de
510 376 2615 622 l'apprentissage serait de trois années ; que l'apprenti n'ayant été employé
526 464 2603 683 qu'à faire la place en non aux travaux de la fabrique ; qu'en outre Siégard
514 560 2618 775 lui ayant retiré, en novembre dernier, les dix francs qu'il lui donnait à
510 652 2576 875 chaque fin de mois il l'avait retiré pour le placer chez un autre Patron
522 752 2542 956 qui promettait de lui donner de quoi subvenir à ses frais d'entretien.
522 840 2580 1056 Il conclut à ce qu'il plut au Bureau Général dire les conventions verbales
506 936 2572 1136 résolues pour le fait de Siégard ; Déclarer le dit Siégard nonrecevable en
506 1032 2592 1228 sa demande en indemnité et le condamner aux dépens. De son coté
503 1148 2549 1340 Bois se présenta et conclut à ce qu'il plut au Bureau Général dudit
503 1217 2565 1424 Conseil attendu qu'il n'a pas, comme le prétend Siégard, reçut de lettre en
518 1317 2576 1520 fevrier dernier ayant trait à l'apprenti Eugène Legouge, que lorsqu'il
510 1416 2545 1605 reçut celle qui lui fut adressée par Siégard dans les premiers jours de
510 1509 2534 1689 Mai dernier l'apprenti était chez lui depuis trois jours sans qu'il l'ait
522 1597 2511 1789 attiré en aucune façon; qu'il ne l'a reçu que parce que cet apprenti
499 1704 2549 1889 est venu lui dire que son Patron ayant cessé de le payer il l'avait quitté
510 1793 2565 1981 et cherchait à se procurer une autre maison ; Que d'ailleurs il l'a toujours
487 1885 2580 2058 laissé libre de se retirer quand bon lui semblerait. Par ces motifs – Ence
503 1985 2592 2165 qui le concerne, déclarer Siégard non recevable en sa demande, l'en
483 2073 2572 2273 débouter et le condamner aux dépens. Point de droit- Doit on dire
491 2184 2572 2365 que le mineur Eugéne Legouge ayant son Patron d'apprentissage pour entrer
499 2269 2515 2461 au service d'un autre fabricant et ce, avant l'expiration du temps fixé pour
479 2369 2576 2553 la durée de l'apprentissage les conventions verbales intervenues entre Siégard
495 2465 2522 2630 et la veuve Legouge et Auguste Legouge en Décembre dernier sont et
476 2549 2553 2749 demeurent résolues ; Et pour le tort que cause cette résolution à Siégard
506 2649 2572 2845 condamner la veuve Legouge et auguste Legouge à lui payer la somme
479 2749 2568 2945 de cinq Cents francs à titre d'indemnité ? Doit-on dans ce cas dire qu'il
491 2853 2576 3045 y a eu détournement de l'apprenti par Bois et rendre le dit Bois passible
483 2960 2561 3141 du paiement de cette indemnité ? Ou bien doit-on dire que les conventions
456 3037 2545 3240 verbales n'ayant pas été éxécutées par Siégard soit en n'enseignant pas la
479 3137 2588 3340 fabrication de la passementerie soit en ne payant pas, depuis novembre dernier
495 3233 2565 3421 les dix francs qu'il s'est engagé à donner fin de chaque moi à l'apprenti
472 3329 2565 3517 les Conventions verbales d'apprentissage sont et demeureront résolues par le
479 3417 2561 3605 fait de Siégard ; En ce cas déclarer le dit Siégard nonrecevable en sa
468 3521 2576 3697 demande en indemnité ? Doit-on dire Bois non passible dans tous les cas,
483 3609 2572 3805 de tout ou partie de l'indemnité que pourrait être alloué à Siégard par les parents
483 3705 2572 3882 de l'apprenti par la raison qu'il n'aurait pas contribué à la sortie du jeune
468 3793 2588 3978 Legouge des ateliers de Siégard ? Que doit-il être statué à l'égard des dépens ?
468 3889 2565 4074 Après avoir entendu les parties en leurs demandes et conclusions respectivement
476 4001 2568 4154 et en avoir délibéré conformément à la loi ; attendu qu'il resulte des explications
491 4081 2568 4273 fournies par les parties à l'audience que le temps de l'apprentissage du mineur
