3072 4608
637 92 2764 376 Mardi premier et Mercredi deux juin mil huit Cent Cinquante
610 218 2730 456 huit pour se concilier si faire se pouvait sur la demande qu'il
614 318 2741 545 entendait former contre elle devant le dit Conseil en paiement de
602 403 2772 645 la somme de neuf francs qu'il lui doit pour salaire de sa fille.
606 506 2703 744 La Demoiselle Pernelle n'ayant pas comparu la cause fut
606 622 2776 829 renvoyée devant le Bureau Géréral dudit Conseil séant le Vendredi
606 710 2737 921 quatre juin mil huit cent Cinquante huit et ajournée au
610 806 2737 1021 Vendredi onze juin, même mois. Citée à Comparaître ledit
625 906 2749 1125 jour onze juin par exploit de Potin, huissier à Paris en
599 1021 2737 1232 date du sept Juin mil huit Cent Cinquante huit Visé pour
572 1090 2787 1324 timbre et Enregistré à Paris le huit juin mil huit Cent Cinquante
552 1194 2649 1424 huit, en débet de soixante dix centimes, folio trente Cinq
579 1309 2784 1516 Case trois, signé : L. Drevau la demoiselle Pernelle ne comparant
576 1397 2753 1612 pas. A l'appel de la cause Marjolet se présenta et conclut à ce
576 1516 2714 1720 qu'il plus au Bureau Général dudit Conseil donner défaut
583 1620 2772 1820 contre la demoiselle Pernelle non comparante ni personne pour
564 1743 2714 1923 elle quoique dument appelée et pour le profit la condamner à lui
560 1820 2791 2027 payer avec intérêts suivant la loi la somme de neuf francs qu'elle
568 1923 2753 2104 lui doit pour prix de travaux faits pas sa fille Marie Louise
576 2023 2757 2215 pour son compte, d'après ses ordres et dans ses ateliers, plus
552 2131 2764 2315 une indemnité pour le préjudice de perte de temps qu'elle lui a fait
552 2254 2741 2400 éprouver en ne comparaissant pas devant les Bureaux du Conseil
541 2338 2757 2519 et les dépens. Point de droit — Doit-on donner défaut
526 2438 2768 2611 contre la demoiselle Pernelle non comparante ni personne pour
541 2530 2791 2722 elle quoique dument appelée et pour le profit adjuger au demandeur
510 2638 2772 2791 les conclusions par lui précédemment prises ? Que doit-il être statué
533 2741 2760 2906 à l'égard des dépens ? Après avoir entendu Marjolet en ses demandes
537 2849 2753 3025 et conclusions et en avoir délibéré conformément à la loi, attendu
529 2960 2737 3129 que la demande de Marjolet parait juste et fondée, que
526 3045 2749 3229 D'ailleurs elle n'est pas contestée par la demoiselle Pernelle
514 3160 2760 3352 non comparante ni personne pour elle quoique dument appelée
529 3263 2753 3417 attendu qu'en ne comparaissant pas devant les Bureaux du Conseil
510 3359 2753 3528 la demoiselle Pernelle a causé à Marjolet un préjudice de
522 3459 2764 3636 perte de temps, ce qu'elle doit réparer ; Par ces motifs le Bureau
533 3575 2741 3732 Général jugeant en dernier ressort Donne défaut contre la
537 3678 2780 3832 demoiselle Pernelle non Comparante ni personne pour elle quoique
522 3778 2741 3939 dument appelée ; Et adjugeant le profit dudit défaut condamne
510 3882 2784 4024 la demoiselle Pernelle payer avec intérêts suivant la loi à Marjolet
495 3970 2730 4135 la somme de neuf francs qu'elle lui doit pour prix de travaux de
491 4074 2730 4231 la mineure Marie Louise Marjolet, plus une indemnité de
503 4185 2615 4381 quatre francs cinquante centimes pour temps perdu . La
