4608 3072
2337 537 3253 701 Du dit jour vingt deux Janvier
1566 568 3714 819 Entre Monsieur Jacques Boyer, ouvrier coupeur de poils de lapins,
1551 686 3678 901 demeurant à La Villette pr!s Paris, boulevard des buttes Chaumont,
1538 783 3655 995 numéro quarante six ; Demandeur ; Comparant ; D4une part ; Et
1551 878 3619 1075 Monsieur Pierre Borne coupeur de poils de lapin, demeurant et
1551 977 3683 1169 domicilié à Belleville près Paris, Boulevard des buttes Lavilette
1543 1093 3648 1264 près Paris, Boulevard des Buttes Chaumont, numéro vingt quatre ;
1541 1190 3694 1361 Défendeur ; Comparant ; D’autre part ; Point de fait - Par lettre
1543 1303 3706 1466 du secrétaire du Conseil de Prud’hommes  du Département de la Seine
1523 1415 3678 1553 pour l’industrie des tissus en date du Lundi dix huit Janvier mil
1536 1518 3717 1661 huit cent cinquante huit Boyer fit citer à comparaitre par devant
1548 1623 3714 1745 le Conseil de Prud’homme séant en Bureau Particulier le Mardi dix neuf
1546 1738 3696 1861 Janvier mil huit cent cinquante huit pour se concilier si faire se pouvait sur
1530 1840 3714 1960 la demande qu’il entendait former  contre lui devant le dit Conseil en
1507 1940 3747 2071 paiement de la somme de cent vingt quatre francs qu’il lui doit, la dite
1546 2030 3735 2170 résultant de celle de cent francs prix convenu pour lui apprendre
1505 2137 3712 2293 à couper le poil de lapin et de celle de vingt quatre francs  pour le prix
1525 2237 3724 2396 de quatre journées à raison de six francs par jour. A l’appel de la
1484 2339 3709 2508 cause Boyer se présenta et exposé comme dessus. La dame Borne se
1500 2432 3727 2629 présenta pour son mari du lequel elle se dit autorisée et exposa au Conseil
1510 2539 3737 2762 qu’il ne devait pas la somme de cent francs pour prix d’apprentissage
1518 2621 3724 2851 de son mari parce que le prix n’en a pas été fixé ; qu’ayant déjà donné
