4608 3072
2045 432 2859 599 Du dit jour Onze Juin.
1326 529 3550 734 Entre Mademoiselle Amélie Laflesselle, fleuriste,
1308 642 3686 842 demeurant et domiciliée à Paris, passage du saumon, numéro
1313 742 3691 960 soixante douze, maison numéro vingt quatre ; Demanderesse ;
1295 855 3691 1080 Comparant ; D'une part ; Et, Prima ; Mademoiselle Elisa
1315 967 3607 1180 Caron, demeurant à Sant Pierre sur Dives, (Calvados)
1308 1100 3663 1287 agissant aux noms et comme chargée de l'administration des
1310 1198 3640 1408 biens et de la personne de ses filles mineures Ernéstine et Zoé
1295 1310 3599 1525 Caron, apprenties ; Défenderesse ; Comparant ; D'une part ;
1308 1423 3655 1623 Et, secondo : Monsieur Lequine,  Entrepreneur de travaux
1274 1530 3622 1738 de Chemin de fer, demeurant et domicilié à saint Pierre
1295 1640 3609 1835 sur Dives, (Calvados) agissant aux noms et comme s'étant
1269 1735 3660 1950 porté fort pour les mineures Ernestine et Zoé Caron ; Défendeur ;
1259 1845 3637 2050 Défaillant ; D'autre part ; Point de fait — Par lettre du
1297 1973 3637 2160 secrétaire du Conseil de Prud'hommes du Département de la
1272 2058 3614 2260 Seine pour l'industrie des Tissus en date du vingt deux Mai
1272 2173 3614 2383 mil huit Cent Cinquante huit la demoiselle Laflesselle fit citer
1269 2288 3627 2488 la demoiselle Caron et le sieur Lequine à comparaître par devant
1285 2378 3637 2606 le dit Conseil de Prud'hommes séant en Bureau Particulier le Mercredi
