4608 3072
1464 2 3440 102 livret signé ; Attendu que s'il est d'usage que les Patrons
1472 43 3491 194 et ouvriers de certaines industries doivent se prévenir mutuellement
1461 140 3463 289 un certain laps de temps lorsq à l'avance, lorsqu'ils sont pour
1464 235 3484 384 se quitter, cet usage ne peut être appliqué à des ouvriers n'étant
1466 317 3435 473 n'ayant pas travaillé un certain temps restés que quelques jours
1474 407 3479 560 dans la fabrique ou atelier à moins qu'ils aient déjà été employés
1474 504 3435 642 dans cette même fabrique, que les usages leur soient connus et
1456 596 3430 737 que les fabricants connaissent leur capacités et leur moralité
1469 698 3466 821 Qu'il est d'usage au contraire que la semaine de Congé n'est
1477 785 3502 942 due, soit par le Patron, soit par l'ouvrier; que lorsque l'ouvrier
1484 896 3466 1013 a passé au moins une quinzaine de jours dans la fabrique ou
1472 980 3432 1108 il est admis à travailler ; que jusques là il reste libre de se retirer.
1479 1082 3481 1198 Comme le fabricant est libre de le remercier, sans qu'il soit besoin,
1454 1182 3486 1290 par l'un ou par l'autre, de prévenir aucun temps à l'avance ;
1484 1267 3458 1372 Attendu que Weltzer et Quivriez n'étant restés que deux jours dans
1487 1346 3522 1492 la fabrique des défendeurs étaient dans leur droit de refuser la continuation
1469 1461 3412 1556 d'un travail qu'ils croyaient ne pouvoir faire avec succès ;
1479 1548 3471 1666 que dans l'espèce les defendeurs ont eu tort de s'opposer à
1469 1630 3496 1768 leur remettre leur livret signé à la sortie puis qu'ils l'avaient
1464 1728 3517 1873 fait signer à l'entrée ; Attendu que Ritaud, fleury et compagnie
1474 1815 3509 1966 offrent de payer les quatre francs dus à chacun des ouvriers pour
1482 1914 3489 2058 salaire ; mais qu'ils se refusent à remettre le livret signé ;
1484 2014 3522 2163 attendu que ce refus de la part des défendeurs doit nécessairement
1495 2112 3520 2240 causer préjudice aux demandeurs et qu'il importe que le conseil
1482 2191 3481 2350 fixe la réparation qui leur sera due si les defendeurs persistent
1479 2278 3504 2442 dans leur refus ; attendu qu'il est constant que les demandeurs
1487 2368 3522 2536 ont déjà éprouvé un préjudice à ce jour par la retenue du livret
1469 2483 3486 2644 par le défendeurs ; que le Conseil ayant les éléments nécessaires
1477 2547 3520 2739 fixe l'indemnité qui leur est due à chacun, pour ce fait, à la
1461 2647 3507 2864 somme de Cinq francs ; Par ces motif - Le Bureau
