4608 3072
2245 614 2984 762 Du jour huit Janvier
1725 711 3601 837 Entre Monsieur Pierre Lebec, homme de peine,
1725 796 3742 931 demeurant à Montmartre près Paris, rue Cholasé,
1728 896 3729 1008 numéro seize ; Demandeur ; Comparant ; D’une part ;
1687 985 3732 1118 Et monsieur Gérin, fabricant passementier, demeurant
1702 1088 3760 1218 et domicilié à Montmartre,  rue du Château des Brouillards,
1704 1185 3735 1300 numéro treize ; Défendeur ; Défaillant ; D’autre part ;
1720 1285 3750 1395 Point de fait – Par lettre du secrétaire du Conseil de Prud’homme
1715 1367 3699 1482 du Département de la Seine pour l’industrie des tissus, en date,
1712 1464 3683 1579 à Paris, des samedi dix neuf et lundi vingt un
1707 1551 3747 1684 Décembre mil huit cent cinquante sept Lebec fit citer
1730 1651 3752 1789 Gérin à Comparaitre par devant le dit Conseil de Prud’hommes
1704 1748 3765 1873 séant en Bureau Particulier les Lundi vingt un et mardi
1704 1838 3742 1971 vingt deux Décembre mil huit cent cinquante sept pour se
1702 1922 3755 2063 concilier si faire se pouvait sur la demande qu’il entendait
1730 2014 3750 2170 former contre lui devant le dit Conseil en paiement de la
1733 2104 3699 2263 somme de trente huit francs qu’il lui doit pour prix
1717 2204 3735 2350 de travaux par lui faits pour son compte et d’après ses
1702 2286 3737 2447 ordres. Gérin n’ayant pas comparu la cause fut renvoyé
1712 2378 3745 2565 devant le Bureau Général du dit Conseil séant le
1717 2501 3768 2693 jeudi vingt quatre Décembre mil huit cent cinquante
