3072 4608
564 280 2657 464 par lui faites pour servir au paiement de travaux des ouvriers
556 380 2672 560 travailleur pour le compte de Cahen frères lui est due ; attendu
545 479 2630 641 que Cahen frères consentent à laisser à Ecot la jouisssance du
541 564 2572 752 local qu'il occupe jusqu'au huit Juillet prochain et qu'Ecot,
537 660 2626 833 de son coté, n'engage à le rendre libre dans le dit jour il n'y
545 756 2649 936 à lieu à statuer sur ce point ; Attendu qu'il est constant que
552 848 2649 1044 Cahen frères ont remercié Ecot huit jours après l'avoir prévenu
541 944 2618 1113 qu'il étaient dans l'intention de quitter la fabr cesser la fabrication
541 1048 2661 1209 de la Chapellerie ; que dans l'espèce ce délai est insuffisant ;
549 1140 2672 1309 Attendu que l'allégation de Cahen frères tendant à établir que
522 1236 2615 1420 Ecot leur aurait détruit ou laissé détruire pour douze mille
552 1336 2649 1501 francs de matières n'est pas fondée ; Attendu qu'en remercian
568 1428 2664 1605 Ecot d'une manière aussi brusque Cahen frères lui ont causé
541 1528 2653 1693 un préjudice que le Conseil ayant les éléments nécessaires fixe
526 1635 2542 1777 à la somme de soixante dix francs pour la réparation ;
549 1720 2649 1881 par ces motifs — Le Bureau Général jugeant en dernier
522 1816 2630 1973 ressort — Condamne Cahen frères à payer avec intérêts
499 1908 2638 2058 suivant la loi à Ecot la somme de soixante dix francs à titre
541 2004 2657 2173 d'indemnité pour renvoi de ce dernier de leurs ateliers sans l'avoir
526 2100 2630 2273 suffisamment prévenu à l'avance ; Déboute Ecot de toutes
487 2200 2603 2365 ses autres demandes ; Condamne Cahen frères aux dépens
522 2300 2618 2449 taxés et liquidés envers le demandeur à la somme de quatre
529 2396 2641 2565 Vingts centimes, et à celle de un franc envers le Trésor Public pour
526 2488 2645 2653 le papier timbré de la présente minute, Conformément à la
545 2580 2641 2745 loi du sept Août mil huit cent Cinquante, ence non compris
541 2676 2630 2864 le cout du présent jugement, la signification d'icelui et ses suites
533 2780 1885 2976 Ainsi jugé les jours mois et an que dessus.
1205 3521 2081 3682 Dudit jour dix huit Juin.
552 3613 2607 3778 Entre Mademoiselle Virginie Tillor, ouvrière brodeuse, demeurant
552 3724 2572 3874 à Belleville près Paris, rue des annelets, numéro onze ;
510 3809 2584 3955 Demanderesse ; Comparant ; D'une part ; Et Monsieur
537 3909 2557 4031 Rocques, entrepreneur de travaux de broderies, demeurant
533 4001 2611 4158 et domicilié à Belleville près Paris, rue du Pré saint Gervais,
522 4081 2565 4296 numéro vingt quatre ; Défendeur ; Comparant ; D'autre
