3072 4608
725 303 2718 483 par l’ouvrière dans le but unique de  se conserver la mais il ne lui
748 399 2714 572 avait été, à elle, d’aucun rapport. Le Bureau Particulier fut
744 491 2718 656 d’avis que la dame Fustenorff ne pouvant prouver le paiement de
721 579 2734 737 la somme réclamée, ni établir d’une manière constante que l’ouvrière
691 668 2707 840 travaillait gratuitement l’engagée déjà pendant la morte saison, elle
721 764 2737 925 serait tenue de payer la somme réclamée par Damourette. Cette
706 852 2714 1009 proposition de conciliation n’ayant pas été acceptée la cause fut
733 944 2760 1105 renvoyée devant le Bureau Général du dit Conseil séant  le vendredi
737 1040 2737 1194 vingt quatre Décembre mil huit cent cinquante sept et ajourné
714 1136 2749 1286 au Vendredi huit janvier mil huit cent cinquante huit. Cités
718 1224 2749 1382 pour le dit jour huit Janvier  les époux Fustenorff ne comparurent
702 1320 2745 1470 pas. A l’appel de la cause Damourette es noms qu’il ait se présenta
702 1413 2749 1559 et conclut à ce qu’il plut au Bureau Général du dit Conseil autorisé
691 1512 2764 1651 la dame Fustenorff à citer en justice faute par son mari  de l’avoir fait.
691 1605 2764 1743 Donne défaut Contre les époux Fustenorff non comparants ni personne
702 1697 2764 1839 pour eux quoi que dument appelés ; Et adjugeant le profit lescondamner
706 1793 2764 1943 à lui payer avec intérêts suivant la loi la somme de trente sept francs
710 1889 2768 2027 quarante centime qu’ils lui doivent  pour prix de travaux faits pas sa
695 1985 2776 2127 fille mineure pour leur compte et d’après leurs ordres, plus une indemnité
675 2085 2764 2215 pour le préjudice de perte de temps qu’ils lui ont fait éprouver en ne comparant
702 2181 2768 2319 pas devant les Bureaux du Conseil et les dépens. Point de Droit – Devait
710 2277 2780 2403 on donner défaut contre les époux Furstenorff non comparants ni personne
691 2373 2776 2519 pour eux quoique dument appelés et pour le profit adjuger au demandeur
698 2469 2784 2584 les Conclusions par lui précédemment prises ? Que devait être statué à
744 2557 2772 2703 l’égard des dépens ? Après avoir entendu Damourette en ses demandes
687 2657 2787 2784 et conclusions et en avoir délibéré Conformément à la loi ; attendu que
695 2753 2795 2883 la demande de Damourette paraît juste et fondée ; que d’ailleurs elle
691 2849 2787 2976 n’est pas contestée par les époux Fustenorff non comparants ni personne
668 2945 2787 3072 pour lui quoique dument appelés ; attendu que les époux Furstenorff ont
679 3045 2787 3175 fait perdre du temps à Damourette, ce qu’il doit réparer ; Par ces motifs –
652 3141 2734 3283 Le Bureau Général jugeant en dernier ressort autorise la dame
679 3233 2803 3379 Fusternorf a entrer en justice faute par son mari de l’avoir fait ; Donne
672 3333 2795 3482 défaut contre les époux Fustenorff non comparants ni personne
656 3429 2787 3594 pour eux quoique dument appelés ; Et adjugé le profit du dit
675 3525 2784 3697 défaut ; Condamne les époux Furstenorff non comparant ni personne
652 3632 2695 3805 pour lui quoique dument appelés à payer à Damourette la somme de
664 3732 2768 3889 trente sept francs quarante centimes qu’ils lui doivent pour prix
652 3828 2787 3978 de travaux faits par la mineure Maria Damourette pour leur
641 3924 2803 4078 compte et d’après leurs ordres, plus une indemnité  de six francs pour
660 4016 2814 4204 temps perdu ; Les condamne en outre au dépens taxé et liquidés
668 4131 2822 4343 envers les demandeurs à la somme de unfrancs quatre vingt centimes,
