4608 3072
1039 1034 1584 1141 Séant en Bureaux
1029 1105 1635 1218 Particuliers les mardi
1024 1203 1543 1287 douze et mercredi
1006 1267 1579 1374 treize janvier mil
1006 1344 1617 1448 huit cent cinquante
1000 1418 1620 1533 huit pour se concilier
998 1507 1597 1623 si faire se pouvait
1006 1582 1625 1689 sur la demande qu'elle
1011 1651 1635 1771 entendait former contre
1018 1738 1177 1861 elle
1029 1812 1602 1909 renvoi approuvé
2257 412 2915 524 Du dit jour quinze janvier
1664 471 3668 619 Entre Mademoiselle Marghen, ouvrière, demeurant
1661 570 3686 706 à Paris, rue d’Arras, numéro neuf ; Demanderesse ; Comparant ;
1658 655 3694 806 D’une part ; Et Madame veuve Montré, lingère, demeurant
1669 747 3704 890 et domiciliée à Paris, rue du Parc Royal, numéro sept ; Défenderesse ;
1643 837 3701 970 Comparant ; d’autre part ; Point de fait - Par lettres du secrétaire
1653 929 3688 1075 du Conseil de Prud’homme du Département de la Seine, pour
1664 1024 3691 1154 l’industrie du tissus, en date à Paris des Lundi onze et Mardi
1661 1128 3683 1231 douze Janvier mil huit cent cinquante huit la demoiselle
1666 1208 3694 1346 Marghen fit citer la veuve Montré à comparaître par devant le
1664 1310 3714 1436 dit Conseil de Prud’hommes en paiement de la somme de six francs soixante quinze
1671 1410 3706 1543 centimes pour prix de travaux par elle faits pour son compte et d’après
1664 1505 3694 1617 ses ordres. La veuve Montré n’ayant pas comparu la cause fut
1676 1602 3747 1717 renvoyée devant le Bureau Général du dit Conseil séant le vendredi
1648 1692 3735 1804 quinze Janvier mil huit cent cinquante huit. Cité pour le dit jour
1664 1779 3750 1912 quinze janvier la veuve Montré comparut. A l’appel de la cause
1679 1879 3691 2004 la demoiselle Marghen se présenta et conclut à ce qu’il plus au
1666 1973 3712 2096 Bureau Général du dit Conseil condamner la veuve Montré à
1661 2081 3755 2204 lui payer avec intérêts suivant la loi la somme de six francs soixante
1635 2170 3724 2298 quinze centimes qu’elle lui doit pour la façon d’une chemise par
1646 2278 3763 2383 elle fait pour son compte et d’après ses ordres, plus une indemnité
1628 2362 3752 2490 pour le préjudice de perte de temps qu’elle lui a fait éprouver devant
1651 2455 3768 2588 les Bureaux du conseil et les dépens. De son coté la veuve Montré
1651 2554 3763 2693 se présenta et conclut à ce qu’il plut au Bureau Général du dit Conseil
1664 2652 3770 2782 attendu que la demoiselle Montré lui a commandé la chemise dont
1689 2746 3788 2890 elle réclame la façon ; qu’elle la lui a rendue parce qu’elle ne lui convenait
1653 2831 3781 3051 plus et pour qu’elle fut impossible pour la placer de sa clientèle
