4608 3072
2419 522 2839 634 Audience
2557 627 2677 729 du
1525 683 3804 883 Vendredi vingt deux Janvier mil huit cent cinquante huit
1489 793 3799 960 siégeant : Messieurs Larouette, vice Président du Conseil
1487 898 3788 1070 de Prud’homme du Département de la Seine pour l’industrie
1487 1008 3814 1167 des tissus. Présidant l’audience en remplacement de Monsieur
1497 1098 3788 1274 Biétry, officier de la légion d’honneur, Président du dit Conseil
1461 1223 3799 1392 empêché pour cause légitime, Devening, Trépied, Consigny
1477 1318 3694 1512 et Bichur, Prud’homme assistés de Monsieur Lecrucq
1469 1433 2408 1559 secrétaire du dit Conseil.
1497 1635 3847 1797 Entre Madame Joséphine Hagy, épouse assistée et autorisé
1472 1753 3801 1904 du sieur Georges Grad, la dite dame ouvrière, demeurant et
1459 1861 3814 2022 domiciliée à Paris, passage du Chantier numéro six, rue du faubourg
1425 1971 3811 2119 Saint Antoine, numéro soixante six ; Demandeurs ; Comparants ;
1423 2078 3832 2227 D’une part ; Et Monsieur et Madame Lemonnier, le dit sieur
1392 2224 3819 2334 Lemonnier tant en son nom personnel que pour assister et autoriser
1441 2311 3834 2462 la dame son épouse entrepreneuse de travaux de lingerie et de Gilets
1436 2416 3865 2565 en flanelle, demeurant et domiciliés, ensembles, les dits époux à Paris,
1448 2544 3860 2667 rue de Sully, numéro sept et neuf ; Défendeurs ; Défaillant ;
1425 2657 3814 2795 D’autre part ; Point de fait - Les époux Grad prétendent
1423 2764 3870 2905 qu’ils sont créanciers des époux Lemonnier de la somme de neuf francs
1495 2887 3824 3020 pour prix de travaux faits par la dame Grad pour leur compte et
