1872 2893
429 137 1736 238 à titre dommages intérêts et celle de soixante six francs pour
434 214 1741 294 vingt deux jours de salaire de sa fille Felicie ; Les condamne
436 272 1753 354 en outre aux dépens taxés et liquidés envers la demanderesse
426 335 1739 417 à la somme de un francs, et à celle dûe au Trésor Public pour le papier
431 400 1739 486 timbré de la présente minute, conformément à la loi du sept août
436 472 1727 554 mil huit cent cinquante, ence, non compris le coût du présente
448 540 1720 619 jugement, la signification d'icelui et ses suites. Ainsi jugé
460 600 1170 687 les jour mois et an que dessus.
465 706 938 802 Lecucq secrétaire
639 1147 1551 1219 — Du dit jour trente un Janvier —
467 1198 1712 1294 Entre Madame Fraysse, demeurant à Paris, rue
441 1260 1729 1366 Mouffetard, numéro quarante deux, autorisée par jugement du
448 1323 1720 1422 Conseil en date du vingt deux Novembre mil huit cent soixante
455 1378 1736 1492 dix sept, à ester en justice faute par son mari de l'avoir fait,
453 1441 1758 1550 agissant, la dite dame, au nom et comme administratrice de
458 1499 1748 1612 sa fille mineure lisa, ouvrière couturière ; Demanderesse ;
424 1552 1741 1670 Comparant ; D'une part ; Et Madame Bidaut mère,
455 1627 1729 1735 demeurant et domiciliée à Paris, rue Mouffetard, numéro
458 1682 1710 1796 cent vingt huit ; Demanderesse ; Défaillant ; D'autre part ;
451 1735 1763 1853 Point de fait = Par jugement rendu par défaut par le conseil
453 1791 1775 1916 de Prud'hommes du Département de la seine pour l'industrie
467 1856 1806 1981 des Tissus le vingt deux Novembre mil huit cent soixante dix
470 1916 1761 2054 sept, enregistré la demoiselle Bidaut, maîtresse couturière,
482 1981 1811 2109 demeurant à Paris, rue Mouffetard, numéro cent vingt huit a
472 2034 1768 2174 été condamnée à payer à la dame Fraysse la somme de
487 2095 1828 2234 dix francs pour salaire de la mineure Elisa Fraysse et indemnité
496 2150 1758 2302 de temps perdu, plus les accessoires. Suivant en plait de Minaud,
477 2225 1756 2350 huissier à Paris, en date du vingt quatre Janvier mil huit cent
489 2268 1789 2408 soixante dix huit, enregistré à Paris, le vingt cinq Janvier mil
487 2336 1741 2473 huit cent soixante dix huit, débet trois francs quinze centimes,
470 2393 1792 2531 Signé : de feuillez, Signification de ce jugement a été donnée à
477 2446 1811 2584 la dame Bidaud mère et par le même exploit citation lui a
492 2514 1830 2644 été donnée, et au sieur son mari pour la validité en cas de mariage,
487 2567 1763 2707 à comparaître par devant le dit conseil de Prud'hommes séant
484 2620 1770 2786 en Bureau Général le Jeudi trente un Janvier mil huit cent soixante
