1935 3002
430 67 1832 187 de Prud'homme du Département de la Seine pour l'industrie
445 165 1817 257 des tissus en date du samedi premier Décembre mil huit
435 220 1834 320 cent soixante dix sept la demoiselle Lelièvre fit citer
428 290 1834 390 Bussert à comparaître par devant le dit conseil de Prud'hommes
443 357 1844 462 séant en Bureau Particulier le Lundi trois Décembre mil huit
440 432 1834 532 cent soixante dix sept pour se concilier si faire se pouvait sur
430 500 1839 602 la demande de qu'elle entendait former contre lui devant ledit consei
445 570 1844 670 en paiement de la somme de quinze francs trente cinq centimes
453 630 1849 732 qu'il lui doît pour salaire. A l'appel de la cause la demoiselle
428 702 1847 798 Lelièvre se présenta et exposa comme cidessus. De son côté
435 768 1839 873 Bussert dit qu'il ne devait que quatorze francs trente cinq
458 835 1854 935 centimes pour salaire, mais qu'ayant payé pour la demanderess
465 905 1844 1003 du blanc tissage et répond à d'abonnements à des maisons de
458 965 1854 1060 Commerce vendant à tempéramment il ne pouvait payer
460 1035 1857 1135 sur la proposition du Bureau Particulier Bussert s'engagea
495 1100 1849 1185 à payer à la demoiselle Lelièvre le premier Janvier mil
488 1163 1842 1258 huit cent soixante dix huit la somme de quatorze francs
485 1225 1857 1315 trente cinq centimes _ Cet engagement n'ayant pas été tenu
480 1298 1849 1388 la cause fut renvoyée devant le Bureau Général du conseil
473 1360 1864 1455 séant Jeudi dix Janvier mil huit cent soixante dix huit ;
460 1430 1867 1518 Cité pour le dit jour dix Janvier par lettre du secrétaire du conseil
478 1488 1864 1578 en date du cinq Janvier mil huit cent soixante dix huit à la requête
460 1556 1862 1643 de la demoiselle Lelièvre Bussert comparut. A l'appel de la
483 1618 1872 1711 cause la demoiselle Lelièvre se présenta et conclut à ce qu'il plut
490 1688 1874 1771 au Bureau Général du conseil condamner Bussert à lui payer
493 1751 1877 1843 avec intérêts suivant la loi la somme de quatorze francs trente cinq
483 1813 1879 1908 Centimes qu'il a reconnu lui devoir pour salaire s'engageant à
485 1881 1874 1978 la payer le payer le premier Janvier courant ce qu'il n'a pas
505 1946 1882 2041 fait et le condamner aux dépens. De son coté Bussert se
505 2016 1877 2106 présenta et conclut à ce qu'il plut au Bureau Général du
515 2073 1884 2168 Conseil attendu que la demoiselle Lelièvre qui a habité chez lui
510 2151 1889 2238 a en sa possession des objets qu'elle détient ; Que le seul moyen
513 2211 1877 2296 de les lui faire rendre est, imitant son exemple, de intenir ce
508 2276 1889 2361 qu'il lui soit ; Par ces motifs = Dire la demoiselle Lelièvre
518 2349 1877 2416 non recevable en sa demande jusqu'au jour ou elle aura
508 2409 1872 2491 rapporté chez lui ces objets et la condamner aux dépens.
518 2474 1889 2541 Point de droit = Doit-on condamner Brussert à payer à
525 2536 1887 2606 la demoiselle Lelièvre la somme de quatorze francs trente cinq
513 2599 1889 2669 centimes qu'il lui doit pour salaire ? Ou bien doit on dire
510 2664 1892 2721 la demoiselle Lelièvre non recevable en sa demande jusqu'au
545 2721 1889 2781 jour ou elle aura remis certains objets qui lui sont reclamés
520 2776 1889 2879 par Bussert ? Que doit-il être statué à l'égard des dépens ?
