1558 2995
172 9 1430 224 Tissus en date du Samedi vingt deux Décembre mil huit cent
174 97 1428 297 soixante dix sept Vangondoever fit citer profit, letessier
182 172 1428 356 et Loche à comparaître par devant le dit conseil de Prud'hommes
169 249 1428 416 séant en Bureau Particulier le Lundi vingt quatre Décembre mil
167 304 1435 491 huit cent Soixante dix sept pour se concilier si faire se pouvait
184 386 1428 551 sur la demande qu'il entendait former contre eux devant le dit
179 456 1420 618 conseil en délai Congé comme d'usage, sion versement de
177 519 1435 683 la somme de quatre vingts francs pour lui en tenir lieu et
197 594 1433 738 en tous cas en paiement de soixante quinze pour provision
187 663 1430 803 sur affaire. A l'appel de la cause Vangondoever se présenta
199 731 1430 863 et exposa comme cidessus. De son coté Loche, ès noms
204 806 1428 920 qu'il agit, se présenta et exposa au conseil qu'il ne doit
174 868 1435 983 absolument rien à Vangondoever et que s'ils l'ont congédié
202 935 1430 1043 subitement c'est qu'il agit de façon à s'aliéner leur confiance
199 1000 1430 1103 et par des absences non justifiées - La cause ne
202 1078 1430 1163 pouvant être décidée de suite le Bureau l'ajourna
214 1143 1430 1217 au Vendredi vingt huit Décembre même mois
204 1205 1435 1287 Le jour vingt huit Décembre les parties ne purent être
194 1277 1435 1347 Conciliées et la cause fut renvoyée devant le Bureau Général
202 1342 1440 1415 du Conseil séant le Jeudi huit Janvier mil huit cent soixante
204 1402 1430 1487 dix huit ; cités pour le dit jour trois Janvier par lettre
202 1470 1433 1552 du secrétaire du conseil en date du Vingt huit Décembre
197 1527 1450 1617 mil huit cent soixante dix sept à la requête de Vangondoever
199 1584 1450 1692 les défendeurs comparurent par Loche, l'un d'eux. A l'appel
214 1649 1455 1759 de la cause Loche, ès noms qu'il agit ,se présenta et conclut
219 1704 1455 1829 à ce qu'il plut au Bureau Général du Conseil attendu
222 1782 1455 1901 que le demandeur n'est pas ouvrier, mais bien employé
222 1831 1458 1964 de commerce, qu'il avait chez eux l'emploi de chef de
224 1899 1460 2041 Rayon pour la vente de vêtements confectionnés et ne
224 1966 1468 2098 contribuait en quoique que ce soit à la confection de ces
222 2016 1465 2176 vêtements qui, pour la plupart étaient d'ailleurs acheter
249 2086 1440 2238 tout faits dans les maisons de gros. Que le diffèrent
222 2148 1445 2313 existent entre eux et le demandeur n'étant pas appréciable
222 2213 1445 2388 par le conseil de Prud'hommes celui çi devait se déclarer
217 2268 1470 2455 incompétent ; Par ces motifs = Se déclarer incompétent pour
234 2338 1478 2520 Connaître de la demande de Vangondoever, le renvoyer
252 2386 1455 2573 devant qui de droit et le condamner aux dépens. De
259 2438 1478 2653 son coté Vangondoever se présenta et conclut à ce
252 2513 1493 2722 qu'il plut au Bureau Général du conseil attendu qu'en
252 2570 1445 2780 sa qualité de chef de rayon à la confection il ne
249 2628 1488 2845 travaillait pas de lui même aux vêtements il était, de par
262 2695 1498 2940 son emploi, obligé d'avoir des rapports avec les coupeurs
