2146 3280
494 153 2014 270 ventes à condition, manœuvre découverte par son Patron qui s'en
513 246 2003 336 autorise pour lui retirer sa confiance ; Attendu que dans  la
497 314 2003 401 situation qu'Yvon s'est faite lui même il  que s'il souffre de
513 388 2036 467 cette situation qu'il a faite lui même Yvon n'a qu'à s'en prendre
453 456 2003 541 qu'à lui qui l'a faite ; Que s'il souffre dans ses intérêts de
503 533 1979 620 cette situation qu'il a faite il ne s'en doit prendre qu'à lui ;
497 606 1954 694 Par ces motifs = Le Bureau Général jugeant en premier ressort ;
494 677 1979 743 Dis Yvon non recevable en sa demande en dommages-intérêts
505 748 2022 814 envers Monnier, l'en déboute et le condamne aux dépens envers
519 809 1946 891 le trésor Public, pour le papier timbré de la présente minute,
513 888 1990 953 conformément à la loi du sept août mil huit cent cinquante,
530 953 2031 1033 ence, non compris le coût du présent jugement, la signification
530 1025 1949 1109 d'icelui et ses suites. Ainsi jugé les jour mois et an que
519 1101 713 1194 dessus.
554 1232 1197 1314 Lecucq secrétaire
839 1574 1722 1653 — Dudit jour Vingt quatre Janvier —
478 1637 2053 1722 Entre Mademoiselle Dora Kas, fille majeure ouvrière en
494 1708 2050 1790 casquettes, demeurant à Paris, rue de l'hotel de ville, numéro
500 1779 2058 1864 quatre-vingt six ; Demanderesse ; Comparant ; D'une part ;
503 1850 2003 1935 Et Monsieur Jacob Hoffmann, fabricant de casquettes,
519 1921 2014 2003 demeurant et domicilié à Paris, rue Beautrellis, numéro
503 1989 2063 2069 neuf ; Défendeur ; Comparant ; D'autre part ; Point de fait =
489 2052 2042 2137 Par lettres du secrétaire du conseil de Prud'hommes du Département
492 2129 2006 2203 de la seine pour l'industrie des tissus en dates des Samedi
489 2205 1998 2279 douze et Lundi quatorze Janvier mil huit cent soixante dix
481 2274 2022 2361 huit la demoiselle Kas fit citer hoffmann à comparaître
503 2353 2020 2427 par devant le dit conseil de Prud'hommes séant en Bureaux
497 2416 2047 2498 Particuliers les Lundi quatorze et vendredi dix huit Janvier mil
503 2490 2058 2572 huit cent soixante dix huit pour se concilier si faire se pouvait
516 2563 2028 2632 sur la demande qu'elle entendait former contre lui devant
503 2632 2085 2703 le dit conseil en paiement de la somme de douze francs pour
505 2697 2091 2771 salaire. A l'appel de la cause le dix huit Janvier la demoiselle
459 2766 2091 2848 Kas se présenta et exposa qu'hoffmann chez lequel elle travaille
494 2837 2085 2908 à la tache et à la journée lui doit douze francs pour deux
481 2905 2028 2993 semaines à six francs. De son coté hoffmann se présenta
505 2984 2003 3053 et exposa au conseil qu'il a employé la demanderesse qu'à des
494 3055 2036 3162 travaux à la tache, qu'elle a gagné trois francs quatre vingts
