2301 3216
635 109 2199 233 secrétaire du conseil en date du cinq Janvier mil huit cent soixante
643 198 2177 297 dix huit à la requête de la demoiselle Lallemand Blondet
638 268 2193 369 comparut. A l'appel de la cause la demoiselle Lallemand se
635 345 2193 442 présenta et conclut à ce qu'il plut au Bureau Général du conseil
622 418 2177 519 condamner Blondet à lui payer avec intérêts suivant la loi la
600 506 2172 600 somme de trente un francs qu'il reste lui devoir pour prix de
619 581 2180 670 travaux d'elle même et de sa sœur Eugénie et le condamner au
635 653 2166 747 dépens.	De son coté Blondet se présenta et conclut à ce
630 726 2164 814 qu'il plut au Bureau Général du conseil lui accorder termes
646 798 2172 897 et délais pour payer sans dépens cette somme qu'il reconnait
638 876 2185 959 devoir. 	point de droit = Doit on condamner Blondet à
635 946 2185 1039 payer à la demoiselle Lallemand la somme de trente un francs
646 1021 2180 1117 qu'il lui doit pour travaux d'elle même et de sa sœur Eugénie
630 1098 2180 1187 Ou bien doit-on accorder à Blondet termes et délais pour payer
643 1173 2174 1254 cette somme ? Que doit il être statué à l'égard des dépens ?
638 1246 2177 1326 Après avoir entendu les parties en leurs demandes et conclusions
619 1315 2169 1404 respectivement et en avoir délibéré conformément à la loi ;
638 1388 2177 1468 Attendu que Blondet reconnait devoir la somme reclamée
630 1457 2161 1538 Que de son coté la demoiselle Lallemand déclare consentir à
649 1535 2169 1618 accorder de courts délais, Par ces motifs = Le Bureau Général
649 1610 2172 1693 jugeant en dernier ressort ; Condamne Blondet à payer
643 1672 2177 1760 avec intérêts suivant la loi à la demoiselle Lallemand la
632 1750 2183 1838 somme de trente un francs pour solder le prix de travaux faits
630 1827 2158 1908 pour elle même et par sa sœur Eugénie ; Dit que cette somme
632 1894 2174 1977 sera payée quinze francs cinquante centimes le vingt trois et
640 1967 2177 2052 quinze francs cinquante centimes le trente Janvier mil huit
630 2042 2140 2127 cent soixante dix huit ; Que faute de payer quinze francs
632 2111 2183 2197 cinquante centimes comme il est dit la somme entière deviendra
622 2186 2158 2278 exigible de suite ; Condamne Blondet aux dépens taxés et
624 2259 2164 2353 liquidés envers la demanderesse à la somme de soixante cinq
624 2334 2164 2425 centimes, et à celle dûe au Trésor Public, pour le papier
611 2401 2153 2495 timbré de la présente minute, conformément à la loi du sept
603 2473 2150 2572 Août mil huit cent cinquante, ence, non compris le coût du
608 2556 2188 2639 présent jugement, la signification d'icelui et ses suites . Ainsi
606 2615 1590 2728 jugé les jour mois et an que dessus.
