2186 3280
558 158 2054 262 André firent citer Uink, à comparaître par devant le dit
560 243 2065 317 Conseil de Prud'hommes séant en Bureaux Particuliers les Mardi
552 311 2038 385 Vingt huit et vendredi Mardi vingt neuf Janvier mil huit cent
125 371 519 437 cinq lignes et cinq
560 379 2035 456 soixante dix huit pour se concilier si faire se pouvait sur la
114 434 522 541 mots rayés comme
566 453 2051 522 demande qu'ils entendaient former contre lui devant le dit
131 519 207 579 nuls
544 519 2071 601 Conseil en paiement de la somme de douze francs quatre vingt dix
571 593 2065 666 centimes qu'il leur doit pour prix de travaux de la dame
566 658 2027 738 André. Uink n'ayant pas comparut la cause fut renvoyée
580 732 2076 789 devant le Bureau Général du conseil séant le Jeudi trente
90 762 396 866 Lecucq
574 784 2046 874 un Juillet mil huit cent soixante dix huit. Cité pour le
593 861 2109 937 dit jour trente un Juillet par lettre du secrétaire du conseil
582 929 2057 1005 en date du Vingt neuf Janvier mil huit cent soixante dix
544 986 2043 1079 huit à la requête des époux André Uink ne comparut
560 1060 2030 1153 pas. A l'appel de la cause les époux André se présentèrent
577 1142 2057 1205 et conclurent à ce qu'il plut au Bureau Général du conseil
577 1199 2082 1281 donner défaut contre Uink non comparant ni personne
577 1265 2117 1358 pour lui quoique dûment appelé et pour le profit le condamner
574 1339 2095 1415 à leur payer avec intérêts suivant la loi la somme de douze francs
544 1413 2049 1481 Quatre vingt dix centimes qu'il leur doit pour prix de
560 1476 2101 1560 travaux, plus, telle indemnité qu'il plaira au conseil
563 1549 2043 1637 fixer pour perte de temps devant les Bureaux du conseil et
555 1618 2065 1697 les dépens. Point de droit = Doit on donner défaut contre
544 1683 2098 1773 Uink non comparant ni personne pour lui quoique dument
560 1754 2068 1836 appelé et pour le profit adjuger aux demandeurs les conclusions
555 1820 1997 1905 par eux précèdemment prises ? Que doit il être statué à l'égard des
566 1894 2013 1973 dépens ? Après avoir entendu les époux André en leurs
560 1962 2079 2041 demandes et conclusions et en avoir délibéré conformément
566 2030 2043 2112 à la loi ; Attendu que la demande des époux André
549 2107 2073 2186 parait juste et fondée ; Que d'ailleurs elle n'est pas contestée
555 2175 2051 2268 par Uink non comparant ni personne pour lui quoique
566 2252 2057 2339 dument appelé ; Attendu qu'en ne comparant pas devant
571 2317 2092 2410 les Bureaux du conseil Uink a causé aux époux André
555 2397 2068 2481 un préjudice de perte de temps, ce qu'il doit réparer ; Par
566 2465 2057 2547 ces motifs = Le Bureau Général jugeant en dernier ressort ;
555 2539 2106 2613 Donne défaut contre Uink non comparant ni personne
541 2607 2057 2686 pour lui quoique dument appelé ; Et adjugeant le profit de
569 2670 2049 2752 dit dépens ; Condamne Uink à payer avec intérêts
558 2733 2147 2826 suivant la loi aux époux André la somme de douze
555 2804 2068 2894 francs quatre vingt dix centimes qu'il leur doit pour
541 2875 2076 2973 prix de travaux de la dame André, plus une indemnité
555 2952 2054 3047 de quatre francs pour temps perdu devant les Bureaux du
566 3020 2155 3132 Conseil, Le condamne en outre aux dépens ? Après avoir
