1771 2975
868 190 1327 299 Audience
1019 280 1101 339 du
404 292 1733 443 Jeudi dix Janvier mil huit cent soixante
406 366 796 458 dix huit
1076 505 1696 619 Siégeaient : Messieurs
381 530 1716 684 Marienval, Chevalier de la Légion d'honneur,
379 622 1723 748 Président du Conseil de Prud'hommes du département
379 691 1701 825 de la Seine pour l'industrie des tissus, Correy,
369 763 1500 865 Larcheu, Muzer, Godfroy,
391 815 1701 927 Malidou et Meslieu, Prud'hommes
379 880 1686 1004 assistés de Monsieur Lecucq, secrétaire dudit
381 954 674 1009 Conseil
334 1093 1708 1232 Entre Mademoiselle Bauchet, fille majeure, ouvrière
381 1197 1676 1286 couturière et Lingère, demeurant à Paris, lieu dit
374 1254 1694 1348 la Chapelle, rue des roses, numéro sept, chez Monsieur
369 1313 1666 1413 Laroille ; Demandeuse ; Comparant ; D'une part ; et
357 1378 1694 1472 Monsieur et Madame Jay, le sieur Jay tant en son nom
359 1440 1612 1532 personnel que pour assister la dame son épouse Maîtresse
362 1504 1696 1596 Lingère, demeurant et domiciliés, ensemble, les dits époux, à
357 1564 1706 1648 Paris, Boulevart Magenta, numéro quarante cinq ; Défendeur ;
357 1628 1706 1705 Défaillant ; D'autre part ; Point de fait = Par lettres du secrétaire
377 1688 1691 1765 du conseil de Prud'hommes du Département de la seine pour
364 1752 1674 1829 l'industrie des tissus en dates des Samedi dix sept et Mardi
354 1814 1696 1889 dix huit Décembre mil huit cent soixante dix sept la demoiselle
359 1871 1696 1956 Bauchet fit citer les époux Jay à comparaître par devant le
367 1941 1634 2015 dit conseil de Prud'hommes séant en Bureau Particuliers les
352 2010 1671 2067 mardi dix huit et vendredi vingt un Décembre mil huit cent
357 2062 1701 2137 soixante dix sept pour se concilier si faire se pouvait sur la demande
337 2127 1679 2199 qu'elle entendait former contre eux devant le dit conseil en
344 2191 1701 2263 paiement de la somme de cent dix francs qu'ils lui doivent pour
347 2253 1681 2322 salaire ; Les époux Jay n'ayant pas comparut la cause fut
349 2308 1676 2387 renvoyée devant le Bureau Général du conseil séant le Jeudi
344 2372 1696 2439 trois Janvier et ajournée au Jeudi dix du dit mois mil huit cent
339 2422 1659 2506 soixante dix huit. Suivant exploit de Minaud, huissier à
312 2486 1656 2563 Paris en date du quatre janvier mil huit cent soixante dix huit,
339 2541 1694 2625 visé pour timbre et enregistré à Paris, le Cinq Janvier mil huit
347 2605 1661 2687 cent soixante dix huit, folio cent quarante trois, code quatre,
349 2662 1661 2749 débet deux francs soixante quinze centimes, signé : Le fouilles,
337 2717 1671 2838 la demoiselle Bauchet fit citer les époux Jay à comparaître
