2176 3328
516 72 1984 188 Juin mil huit cent neuf, portant règlement pour les conseils de Prud'hommes ;
538 169 1987 274 Donne défaut contre Benoit non comparant ni personne pour lui
557 244 1998 327 quoique dument appelé ; Et adjugeant le profit dudit défaut ;
507 307 2009 404 Condamne Benoit à payer avec intérêts suivant la loi à Lelièvre
538 379 2017 474 la somme de huit francs à titre de dommages-intérêts ; Déboute
535 454 2006 551 Lelièvre du surplus de sa demande de ce chef ; Condamne
535 532 1956 626 Benoit à payer trois francs pour indemnité de temps perdu
568 607 2003 690 devant les Bureaux du conseil et aux dépens taxés et liquidés
549 673 1992 768 envers le demandeur à la somme de trois francs soixante cinq
527 740 2017 832 Centimes dans laquelle entre pour trois francs la taxation alloué
538 812 2020 901 à Paul Dorore Témoin cité à la requête de Lelièvre, et à celle due
557 887 1990 973 au Trésor Public, pour le papier timbré de la présente minute,
560 959 2034 1048 conformément à la loi du sept août mil huit cent cinquante, ence,
563 1037 2023 1117 non compris le coût du présent jugement, la signification d'icelui
544 1109 1995 1192 et ses suites ; Et vu les articles 437 du code de procèdure civile, 27 et
521 1178 2017 1259 42 du décret du onze Juin 1804, pour signifier au défendeur le
538 1253 2028 1328 présent jugement, commet Minaud l'un de ses huissiers audienciers.
555 1322 1518 1453 Ainsi jugé les jours mois et an que dessus.
571 1475 1115 1539 Lecucq secrétaire
810 1946 1904 2052 — Dudit jour Vingt quatre Janvier —
568 2016 2059 2121 Entre Monsieur et Madame Antès, le sieur Antès tant
566 2113 2123 2199 en son nom personnel que pour assister et autoriser la dame son épouse
557 2171 2070 2271 ouvrière culottière, demeurant ensemble, les dits époux, à Paris,
541 2246 2048 2346 Boulevart Montrouge, numéro soixante seize ; Demandeur ;
535 2318 2056 2421 Comparant ; D'une part ; Et Monsieur Lay-Lavergne, Maître
538 2393 2106 2490 Tailleur d'habits, demeurant et domicilié à Paris, rue de Viarme,
549 2462 2037 2579 numéro douze ; Défendeur ; Comparant ; D'autre part ; Point
566 2545 2098 2631 de fait = Par lettres du secrétaire du conseil de Prud'hommes du
557 2609 2042 2704 Département de la seine pour l'industrie des Tissus en dates des
546 2681 2064 2776 jeudi trois et vendredi quatre Janvier mil huit cent soixante
566 2751 2103 2856 dix huit les époux Antès firent citer Lay-Lavargne à comparaître
555 2823 2078 2925 par devant le dit conseil de Prud'hommes séant en Bureaux
552 2895 2089 2989 Particuliers les Vendredi quatre et Lundi sept Janvier mil huit
557 2967 2101 3064 Cent soixante dix huit pour se concilier si faire se pouvait sur
560 3045 2040 3150 la demande qu'ils entendaient former contre lui devant le dit
