2298 3328
1171 52 2078 174 Dudit jour dix sept Janvier
713 124 2211 263 Entre Monsieur Baptiste Courcelles, ouvrier tailleur
696 202 2206 327 d'habits, demeurant à Paris, rue des deux Sens, numéro
685 274 2195 404 Vingt neuf; Demandeur; Comparant ; D'une part ; Et
691 349 2203 477 Monsieur Foncier, Maître tailleur d'habits, demeurant
677 438 2198 546 et domicilié à Paris, rue du helder, numéro dix sept ;
693 510 2200 629 Défendeur ; Défaillant ; D'autre part ; Point de fait — Par
693 593 2211 696 lettres du secrétaire du conseil de Prud'hommes du Département
699 668 2214 773 de la seine pour l'industrie des tissus en dates des Samedi
688 746 2211 843 douze et Lundi quatorze Janvier mil huit cent soixante-dix
685 823 2203 912 huit Courcelles fit citer Foncier à comparaître par devant le
691 901 2203 976 dit conseil de Prud'hommes séant en Bureaux Particuliers les
685 984 2211 1064 Lundi quatorze et mardi quinze Janvier mil huit cent soixante
685 1053 2217 1131 dix huit pour se concilier si faire se pouvait sur la demande
688 1128 2220 1211 qu'il entendait former contre lui devant le dit conseil en paiement
671 1211 2220 1292 de la somme de cent soixante sept francs qu'il lui doit pour
671 1284 2228 1358 salaire. Foncier n'ayant pas comparut la cause fut renvoyée
682 1364 2225 1428 devant le Bureau Général du conseil séant le Jeudi dix sept
682 1422 2223 1511 Janvier mil huit cent soixante dix huit . Cité pour le dit jour
685 1497 2220 1580 dix sept Janvier par lettre du secrétaire du conseil en date du
657 1569 2223 1666 quinze Janvier mil huit cent soixante dix huit à la requête de
618 1627 2223 1736 Courcelles Foncier ne comparut pas. A l'appel de la cause
635 1713 2228 1813 Courcelles se présenta et conclut à ce qu'il plut au Bureau Général
657 1783 2206 1891 du conseil donner défaut contre Foncier non comparant ni
643 1858 2234 1980 personne pour lui quoique dument appelé et pour le pour le profit le
646 1921 2220 2043 Condamner à lui payer avec intérêts suivant la loi la somme
660 2005 2217 2116 de cent soixante sept francs qu'il lui doit pour salaire, plus,
641 2077 2217 2190 telle indemnité qu'il plaira au conseil fixer pour perte de temps
635 2146 2225 2274 devant les Bureaux du conseil et les dépens. Point de droit — Doit-
627 2218 2223 2360 on donner défaut contre Foncier non comparant ni personne
621 2315 2206 2429 pour lui quoique dument appelé et pour le profit adjuger au
624 2371 2214 2501 demandeur les conclusions par lui précédemment prises ? Que
613 2440 2225 2587 doit-il être statué à l'égard des dépens ? Après avoir entendu
610 2518 2214 2659 Courcelles en ses demandes et conclusions et en avoir délibéré
635 2590 2231 2740 conformément à la loi ; Attendu que la demande de Courcelles
632 2667 2220 2817 parait juste et fondée ; Que d'ailleurs elle n'est pas contestée
610 2731 2217 2889 par Foncier non comparant ni personne pour lui quoique
621 2812 2223 2970 dument appelé ; Attendu qu'en ne comparaissant pas devan
613 2881 2181 3028 les Bureaux du conseil Foncier a causé à Courcelles un
593 2959 2162 3120 préjudice de perte de temps, ce qu'il doit réparer ; Par ces
593 3036 2195 3178 motifs = Le Bureau Général jugeant en dernier ressort ; vu
577 3108 2184 3291 l'article quarante-un du décret du onze Juin mil huit cent neuf ;
