2184 3360
557 176 2066 271 Mardi quinze et Vendredi dix huit Janvier mil huit cent
548 249 2046 347 soixante dix huit pour se concilier si faire se pouvait sur la
554 324 2069 408 demande qu'il entendait former contre lui devant ledit Conseil
579 397 2060 481 en paiement de la somme de vingt cinq francs qu'il lui doit
100 422 540 520 une ligne et six mots
540 464 2052 554 pour salaire. Masson n'ayant pas comparut la cause fut
103 520 498 610 rayés comme nuls
560 540 2069 618 renvoyée devant le Bureau Général du conseil séant le Jeudi
554 607 2072 686 Vingt quatre Janvier mil huit cent soixante dix huit. Cité
551 680 2069 761 pour le dit jour vingt quatre Janvier par lettre du secrétaire
576 756 2052 831 du Conseil en date du dix huit Janvier mil huit cent soixante
126 786 403 854 Lecucq
571 817 2094 901 dix huit à la requête de Chevenot Masson ne comparut
576 893 2094 971 pas. A l'appel de la cause Thevenot se présenta et conclut
574 957 2063 1036 à ce qu'il plut au Bureau Général du conseil donner défaut
551 1033 2027 1108 contre Masson non comparant ni personne pour lui quoique
557 1097 2010 1181 dument appelé et pour le profit le condamner à lui payer
557 1170 2024 1248 avec intérêts suivant la loi la somme de Vingt cinq francs
551 1237 2058 1313 qu'il lui doit pour salaire plus, telle indemnité qu'il
546 1307 2024 1391 plaira au Conseil fixer pour perte de temps devant les
529 1374 2032 1453 Bureaux du Conseil et les dépens. Point de droit = Doit-
526 1444 2066 1523 on donner défaut contre Masson non comparant ni personne
523 1523 2024 1593 pour lui quoique dument appelé et pour le profit adjuger au
557 1590 2021 1671 demandeur les conclusions par lui précèdemment prises ?
523 1654 2072 1738 Que doit-il être statué à l'égard des dépens ? Après avoir
506 1730 2066 1811 entendu Thévenot en ses demandes et conclusions et en
512 1794 2027 1884 avoir délibéré conformément à la loi ; Attendu que la
504 1867 2083 1960 demande de Thevenot parait juste et fondée ; Que d'ailleurs
557 1940 2077 2030 elle n'est pas contestée par Masson non comparant ni personne
532 2013 2111 2116 pour lui quoique dument appelé ; Attendu qu'en ne comparaissant
526 2077 2046 2175 pas devant les Bureaux du Conseil Masson a causé à
523 2150 2055 2251 Thevenot un préjudice de perte de temps, ce qu'il doit réparer ;
515 2223 2060 2318 Par ces motifs = Le Bureau Général jugeant en dernier ressort ;
518 2290 2060 2391 vu l'article quarante un du décret du onze Juin mil huit cent
523 2368 1965 2475 neuf, portant règlement pour les conseils des Prud'hommes ;
526 2444 2077 2539 Donne défaut contre Masson non comparant ni personne
574 2522 2077 2612 pour lui quoique dument appelé ; Et adjugeant le profit
546 2584 2060 2688 du dit défaut ; Condamne Masson à payer avec
548 2648 2058 2755 intérêts suivant le loi à Thevenot la somme de Vingt cinq
574 2721 2046 2830 francs qu'il lui doit pour salaire, plus une indemnité
562 2786 2069 2898 de six francs pour temps perdu, ; Le condamne en outre
557 2864 2052 2965 aux dépens taxés et liquidés envers le demandeur à la somme
548 2934 2055 3046 de un franc, et à celle dûe au Trésor Public, pour le papier
557 3001 2086 3116 timbré de la présente minute, conformément à la loi du
554 3077 2083 3203 sept Août mil huit cent cinquante, ence, non compris
