4608 3072
550 793 1187 883 Séant en Bureau
540 837 1290 960 Particulier le samedi
537 934 1287 1052 trente Janvier mil hui
519 1029 1200 1136 cent cinquante sept
552 1134 1200 1346 renvoi approuvé
1356 263 3852 399 vingt neuf janvier mil huit cent cinquante huit Mouiller fit citer
1333 348 3868 514 Vercruitz à comparaitre pardevant le dit conseil de Prud’hommes
1336 468 3898 637 pour se concilier si faire se pouvait sur la demande qu’il entendait former
1341 596 3845 747 contre lui devant le dit conseil en restitution de la somme de dix huit
1349 706 3883 852 francs trente  centimes, laquelle somme lui a été donnée en paiement d’un
1359 819 3868 970 travail qu’il devait faire qu’il n’a pas fait. A l’appel de la cause
1364 944 3883 1077 Mouiller se présenta et exposa au Conseil qu’ayant donné un habit à
1320 1054 3880 1200 confectionner à Vercruitz, et lui ayant payé le prix de la façon à
1300 1177 3916 1315 l’avance il se croit fondé à lui demander la restitution de la somme payée
1349 1303 3886 1420 (dix huit francs trente centime), puisqu’il lui a renvoyé l’habit sans être
1310 1418 3898 1538 fait. Vercruitz se présenta et exposa au Conseil que ne pouvant assurer
1287 1541 3880 1671 pouvoir terminer l’habit pour le jour fixé par son patron il préféra
1336 1671 3898 1781 le faire renvoyer non terminé quelque jour à l’avance afin qu’il puisse
1361 1776 3906 1891 faire terminer par un autre ouvrier. Il reconnut avoir à rendre une
1282 1902 3919 2022 partie de la somme touchée, mais non le tout puisqu’il a mis l’habit à
1300 2007 3898 2122 l’essayage. Le bureau Particulier fut d’avis que Vercruitz ayant mis
1305 2142 3955 2247 l’habit à l’essayage, travail estimé à six francs, il n’avait que la somme
1310 2255 3962 2362 de douze francs à remettre à son patron. Il engagea les parties à accepter
1300 2373 3911 2503 cette proposition de conciliation. Les parties n’ayant pu être conciliées
1292 2501 3947 2624 la cause fut renvoyée devant le Bureau Général du dit Conseil séant le
