4608 3072
1390 552 3727 673 de chaque semaine à venir et lui donnerait des à comptes sur
1945 663 3742 765 l’arriéré ; attendu que la dame Michel n’avait
1377 768 3752 893 donné sur le compte de travail restant du et qu’elle lui redoit à la
1384 883 3752 1008 somme de vingt cinq francs vingt cinq centimes. Par ces motifs –
1395 985 3778 1118 Condamner les époux Michel-Poiret à lui payer solidairement  et
1392 1118 3763 1233 avec intérêts suivant la loi la somme de vingt cinq francs vingt cinq
1356 1223 3778 1356 centimes pour prix de travaux par elle faits  pour leur compte et sur
1359 1338 3786 1466 les ordres de la dame Michel-Poiret et les condamner en outre aux
1390 1451 3788 1582 dépens. De leur coté les époux Michel-Poiret se présentèrent et
1359 1574 3788 1699 conclurent à ce qu’il plut au Bureau Général  du dit Conseil attendu
1374 1676 3811 1820 que la demoiselle Dumont a été régulièrement payée de son travail
1382 1799 3804 1935 de chaque semaine qu’a aucune époque il n’a été laissé aucun
1387 1912 3801 2060 arriéré ainsi que le constatera son livre de travail ou les articles par
1359 2037 3809 2181 elle confectionnés sont écrits de la main de la dame Michel qui a
1364 2140 3811 2301 mis le mot payé au bas de chaque page. Par ces motifs  ; Déclarer
1377 2263 3819 2414 la demoiselle  Dumont non recevable en sa demande l’en
1382 2375 3832 2536 débouter comme mal fondée en icelle et la condamner aux dépens.
1359 2488 3845 2662 Point de droit - Devait-on condamner les époux Michel-Poiret
1384 2616 3845 2777 à payer solidairement et avec intérêts suivant la loi à la demoiselle
1394 2816 3843 2898 Dumont la somme de vingt cinq francs vingt cinq centimes pour prix
