3072 4608
672 449 2699 552 dame veuve Cartigny à payer aux époux Mellor la somme de
675 518 2714 645 dix sept francs quarante cinq centimes qu'elle leur doit pour prix de
664 595 2699 733 travaux faits par la dame Mellor pour son compte et d'après ses ordres,
664 687 2688 829 plus une indemnité de quatre francs cinquante centimes pour temps
679 783 2672 913 perdu ; La condamne en outre aux dépens taxés et liquidés à la
675 883 2707 1009 somme de deux francs soixante seize centimes envers la demanderesse
664 967 2714 1098 et à celle de un franc quarante cinq centimes envers le Tresor Public pour
656 1059 2726 1201 le papier timbré de la présente minute, le papier timbré et l'enregistrement
675 1155 2707 1278 de la citation, conformément à la loi du sept août mil huit cent cinquante,
668 1251 2711 1382 ence non compris le cout du présent jugement, la signification d'icelui
664 1340 2718 1478 et ses suites. Et vu les articles 435 du code de procédure civile, 27 et 42
660 1432 2718 1559 du décret du onze Juin 1809 pour signifier à la défenderesse le présent
652 1528 2726 1658 jugement, commet Potin, l'un de ses huissiers Audienciers. Ainsi jugé les
656 1624 1482 1800 jour mois et an que dessus.
1313 2380 2131 2496 Du dit jour dix huit Juin.
668 2472 2714 2580 Entre Mademoiselle Elisa Poulain, ouvrière lingère, demeurant
664 2572 2691 2676 à Paris, rue Mazarine, numéro quarante huit ; Demanderesse ;
664 2664 2603 2772 Comparant ; D'une part ; Et Madame Veuve Cartigny,
637 2757 2649 2856 Lingère, demeurant et domiciliée à Paris, rue du Roule, numéro
664 2849 2641 2976 seize ; Défenderesse ; Défaillant ; D'autre part ; Point de fait —
683 2964 2707 3060 Par lettre du secrétaire du Conseil de Prud'hommes du Département
679 3056 2699 3164 de la Seine pour l'industrie des tissus en date du mardi quinze Juin
664 3152 2668 3248 mil huit cent Cinquante huit la demoiselle Poulain fit citer la
656 3244 2714 3356 dame veuve Cartigny à comparaître par devant le dit Conseil de
664 3340 2722 3444 Prud'hommes séant en Bureau Particulier le Mercredi seize Juin
660 3429 2753 3540 mil huit cent Cinquante huit pour se concilier si faire se pouvait sur
664 3528 2714 3628 la demande qu'elle entendait former contre elle en paiement de la
664 3621 2726 3720 somme de Cinquante francs qu'elle reste lui devoir sur celle de
664 3717 2707 3832 soixante neuf francs qu'elle lui devait pour salaire et que par
679 3816 2757 3928 décision du Conseil en date du vendredi vingt un Mai dernier elle
652 3909 2760 4028 s'est engagée à payer par dix francs par semaine, ce qu'elle n'a
660 4005 2764 4108 pas fait. La dame veuve Cartigny n'ayant pas comparu la cause
660 4097 2695 4212 fut renvoyée devant le Bureau Général du dit Conseil séant le
664 4193 2741 4343 Vendredi dix huit Juin mil huit cent Cinquante huit. Citée
