4608 3072
1379 140 3456 271 donner défaut contre Brision non comparant ni personne pour lui quoique
1372 215 3432 353 dument appelé et pour le profit adjuger au demandeur les conclusions par lui
1346 302 3445 432 précédemment prises ? Que devait-on statuer à l’égard des dépens ?
1356 391 3463 542 Après avoir entendu Cochet en ses demandes et conclusions et en avoir délibéré
1364 496 3466 632 conformément à la loi ; attendu que la demande de Cochet parait juste
1372 596 3458 734 et fondée ; que d’ailleurs elle n’est pas contestée par Brision non comparant
1354 704 3499 844 ni personne pour lui quoique dument appelé ; attendu qu’en ne comparaissant
1361 798 3479 924 pas devant les Bureaux  du Conseil Brision a causé à Cochet un préjudice
1354 898 3484 1021 de perte de temps, ce qu’il doit réparer ; Par ces motifs - Le Bureau Général
1346 993 3494 1126 jugeant en dernier ressort ; Donne défaut contre Brision non comparant
1346 1108 3499 1233 ni personne pour lui quoique dument appelé ; Et adjugeant le profit du dit
1364 1218 3486 1326 défaut ; condamne Brision à payer avec intérêts suivant la loi à
1364 1308 3512 1423 Cochet la somme de cent quarante francs qu’il lui doit pour
1361 1410 3504 1528 prix d’un mois de travail de Cochet pour son compte, d’après ses ordres et
1354 1528 3496 1646 dans ses ateliers, plus une indemnité de dix francs pour temps perdu.
1346 1635 3504 1735 Le condamner en outre aux dépens taxés et liquidé en vers le demandeur
1354 1735 3514 1838 à la somme de quatre francs vingt un centimes et à celle de deux francs
1333 1840 3507 1935 cinq centimes envers le Trésor Public pour le papier timbré de la présente
1318 1945 3517 2065 minute, le papier timbré et l’enregistrement de la citation, conformément
1338 2048 3522 2168 à la loi du sept aout mil huit cent cinquante, ence, non compris le cout du
1297 2155 3527 2275 présent jugement, la signification d’icelui et ses suites. Et vu les
1344 2275 3527 2375 articles 435 du code de procédure civile, 27 et 42 du décret du onze juin
1323 2370 3527 2483 1809 pour signifier au défendeur le présent jugement, commet Potin,
1310 2496 3527 2616 l’un de ses huissiers audienciers. Ainsi jugé les jour moi et ans que
1328 2603 1612 2721 dessus.
