<?xml version="1.0" encoding="UTF-8"  standalone="yes"?>
<PcGts xmlns="http://schema.primaresearch.org/PAGE/gts/pagecontent/2019-07-15" xmlns:xsi="http://www.w3.org/2001/XMLSchema-instance" xsi:schemaLocation="http://schema.primaresearch.org/PAGE/gts/pagecontent/2019-07-15 http://schema.primaresearch.org/PAGE/gts/pagecontent/2019-07-15/pagecontent.xsd">
  <Metadata>
	<Creator>escriptorium</Creator>
	<Created>2021-01-21T17:55:08.741680+00:00</Created>
    <LastChange>2021-01-21T17:55:08.741702+00:00</LastChange>
  </Metadata>
  <Page imageFilename="PH 1858-42.jpg" imageWidth="4608" imageHeight="3072">

    

    
    <TextRegion id="eSc_dummyblock_">
    
    
      <TextLine id="r3l2" >
        <Coords points="1344,263 1364,215 1423,204 1451,222 1502,202 1538,212 1566,204 1587,220 1615,215 1643,227 1676,215 1702,222 1738,199 1817,202 1832,215 1886,204 1912,222 1935,207 2007,209 2030,225 2058,209 2191,215 2250,250 2275,238 2298,256 2378,258 2434,258 2498,230 2544,263 2616,266 2652,256 2746,268 2813,245 2915,253 2941,240 3010,240 3051,243 3141,281 3192,273 3210,284 3356,289 3399,263 3448,291 3489,294 3632,279 3653,289 3668,279 3701,296 3778,286 3791,294 3799,343 3750,358 3706,350 3683,363 3665,350 3614,363 3584,348 3471,343 3292,343 3261,358 3192,345 3151,358 3084,358 2982,353 2918,325 2867,343 2836,327 2795,340 2767,322 2734,337 2705,320 2647,320 2600,337 2577,322 2498,330 2475,314 2403,332 2352,312 2327,322 2268,322 2252,312 2232,325 2170,327 2127,302 2101,302 2055,325 2032,314 1989,322 1953,296 1863,314 1827,296 1781,304 1766,294 1730,312 1679,299 1587,309 1556,294 1502,307 1433,279 1351,276"/>
        <Baseline points="1346,264 1468,269 1591,275 1714,280 1836,285 1959,290 2082,294 2204,300 2327,305 2450,309 2573,314 2695,317 2818,321 2941,325 3063,329 3186,332 3309,335 3431,338 3554,341 3677,344 3800,345"/>
        <TextEquiv>
          <Unicode>de travaux par elle faits pour leur compte et d’après les ordres de </Unicode>
        </TextEquiv>
      </TextLine>

    
    
      <TextLine id="r3l5" >
        <Coords points="1344,360 1354,302 1390,291 1436,294 1505,332 1681,340 1715,340 1784,307 1879,325 1904,312 1981,314 2035,335 2076,320 2142,320 2170,322 2224,353 2270,325 2339,327 2416,368 2498,371 2539,348 2567,355 2606,340 2682,378 2764,371 2808,348 2864,348 2908,376 2954,376 2987,358 3036,391 3077,394 3118,394 3156,376 3207,399 3258,399 3317,366 3402,368 3476,409 3586,412 3648,391 3701,417 3740,396 3770,407 3793,394 3801,455 3781,468 3601,468 3581,458 3522,455 3507,465 3486,455 3407,460 3376,450 3289,463 3264,453 3223,465 3200,448 3146,453 3133,442 3092,458 3066,440 3005,453 2990,440 2944,445 2923,435 2887,445 2833,432 2785,435 2754,450 2705,424 2672,442 2636,432 2608,445 2580,432 2562,442 2516,440 2467,417 2426,427 2375,417 2332,432 2268,417 2214,430 2193,417 1541,404 1390,373 1349,386"/>
        <Baseline points="1344,363 1473,374 1602,382 1732,389 1861,395 1991,401 2120,407 2249,411 2379,416 2508,419 2638,423 2767,426 2897,429 3026,432 3155,436 3285,440 3414,443 3544,448 3673,452 3803,458"/>
        <TextEquiv>
          <Unicode>la dame Michel-Poiret ? Ou bien devait-on conformément aux </Unicode>
        </TextEquiv>
      </TextLine>

    
    
      <TextLine id="r3l7" >
        <Coords points="1318,478 1328,417 1367,404 1415,407 1461,435 1495,417 1523,417 1576,448 1615,440 1630,450 1863,460 1909,460 1955,440 2009,465 2065,432 2106,432 2147,440 2196,468 2227,463 2268,476 2368,465 2388,478 2434,481 2506,448 2593,483 2634,460 2677,471 2736,455 2790,458 2839,491 2880,499 2918,486 2938,499 3018,504 3138,471 3317,478 3374,512 3438,519 3504,486 3594,524 3642,512 3691,529 3732,517 3758,532 3793,532 3804,573 3778,583 3701,576 3642,586 3601,565 3563,573 3425,560 3307,576 3264,555 3184,560 3097,547 3066,563 2992,545 2941,550 2931,540 2880,552 2854,537 2749,555 2654,529 2560,547 2506,532 2470,540 2460,529 2383,540 2296,532 2275,542 2216,527 2191,540 1925,529 1789,512 1733,522 1697,504 1671,517 1651,504 1620,512 1584,496 1523,494 1326,506"/>
        <Baseline points="1320,480 1444,488 1568,493 1692,498 1817,503 1941,507 2065,511 2190,515 2314,518 2438,521 2563,524 2687,527 2811,530 2935,533 3060,537 3184,542 3308,547 3433,552 3557,558 3681,567 3806,575"/>
        <TextEquiv>
          <Unicode>conclusions des défendeurs déclarer la demoiselle Dumont non </Unicode>
        </TextEquiv>
      </TextLine>

    
    
      <TextLine id="r3l9" >
        <Coords points="1328,586 1338,540 1543,547 1589,532 1623,545 1648,537 1684,552 1776,558 1817,558 1856,537 1891,535 1999,565 2053,565 2106,535 2152,558 2211,547 2306,565 2357,560 2373,570 2432,547 2503,547 2544,550 2606,586 2690,581 2728,591 2775,588 2841,560 2936,565 2967,586 3072,568 3123,604 3169,604 3220,573 3253,596 3287,576 3333,593 3384,578 3425,601 3458,581 3737,591 3763,606 3783,596 3809,606 3816,673 3801,688 3722,678 3671,704 3555,698 3522,675 3496,691 3463,670 3330,691 3302,673 3284,683 3261,668 3243,678 3182,678 3153,657 3082,655 3000,652 2967,673 2933,650 2874,668 2854,652 2641,640 2621,650 2567,637 2501,663 2355,657 2306,629 2265,629 2216,652 2173,640 2096,647 2055,627 2022,645 1963,642 1912,616 1868,629 1758,614 1712,627 1679,611 1607,627 1528,614 1474,624 1333,622"/>
        <Baseline points="1329,587 1453,594 1578,600 1702,606 1827,612 1951,617 2076,620 2200,624 2325,627 2449,630 2574,633 2698,636 2823,638 2947,641 3072,645 3196,648 3321,652 3445,657 3570,662 3694,666 3819,674"/>
        <TextEquiv>
          <Unicode>recevable en sa demande ? Que devait-il être statué à ‘égard des dépens ? </Unicode>
        </TextEquiv>
      </TextLine>

    
    
      <TextLine id="r3l11" >
        <Coords points="1320,709 1331,645 1402,645 1428,632 1451,632 1512,673 1786,680 1817,680 1866,652 1920,670 1976,650 2017,655 2048,675 2096,650 2117,663 2152,652 2193,678 2234,655 2324,655 2350,668 2391,660 2432,680 2452,670 2496,680 2539,670 2593,701 2624,698 2670,670 2718,686 2782,668 2900,670 3084,675 3136,706 3153,701 3197,719 3225,709 3253,716 3297,691 3366,724 3486,727 3527,706 3576,729 3665,719 3683,732 3729,732 3737,775 3701,788 3673,778 3586,778 3566,788 3550,775 3522,775 3489,791 3435,775 3386,788 3302,770 3246,780 3187,765 3148,778 3125,762 3056,775 3018,762 2951,762 2936,773 2895,757 2790,752 2775,762 2721,762 2677,750 2598,752 2560,768 2513,747 2467,757 2403,739 2309,765 2270,750 2250,762 2224,755 2201,770 2155,770 1984,765 1858,734 1809,760 1730,744 1704,757 1623,755 1587,732 1510,752 1474,732 1451,744 1410,737 1395,747 1326,737"/>
        <Baseline points="1323,710 1443,713 1564,716 1685,719 1806,723 1927,725 2048,729 2168,731 2289,734 2410,737 2531,740 2652,744 2773,746 2894,750 3014,753 3135,756 3256,761 3377,765 3498,768 3619,773 3740,777"/>
        <TextEquiv>
          <Unicode>Après avoir entendu les parties en leurs demandes et conclusions </Unicode>
        </TextEquiv>
      </TextLine>

    
    
      <TextLine id="r3l14" >
        <Coords points="1300,816 1308,757 1333,742 1361,742 1413,775 1482,744 1576,778 1640,762 1730,796 1748,788 1843,798 1884,785 1909,801 1950,788 1991,803 2191,808 2347,811 2385,791 2414,803 2472,770 2618,783 2657,775 2693,796 2744,798 2772,814 2877,780 2946,783 3015,829 3215,832 3233,821 3284,837 3317,834 3374,801 3422,832 3481,798 3517,808 3553,798 3681,801 3781,808 3786,880 3765,906 3717,890 3655,903 3635,890 3409,893 3363,880 3292,898 3217,883 3038,872 2984,872 2946,888 2877,870 2785,880 2759,865 2711,883 2657,862 2524,878 2498,862 2460,860 2424,875 2383,860 2360,872 2099,867 2045,847 1971,860 1850,847 1820,860 1771,847 1694,852 1640,837 1600,852 1400,849 1359,829 1305,829"/>
        <Baseline points="1301,818 1425,822 1549,827 1674,831 1798,834 1922,839 2047,842 2171,845 2295,849 2420,852 2544,855 2668,858 2793,861 2917,864 3041,867 3166,869 3290,872 3414,875 3539,877 3663,879 3788,882"/>
        <TextEquiv>
          <Unicode>respectivement et en avoir délibéré conformément à la loi ; attendu </Unicode>
        </TextEquiv>
      </TextLine>

    
    
      <TextLine id="r3l17" >
        <Coords points="1305,934 1315,888 1408,888 1448,865 1477,875 1533,862 1587,893 1630,896 1702,896 1743,875 1776,880 1838,865 1889,883 1920,867 2096,872 2117,885 2152,878 2206,903 2263,911 2439,913 2467,896 2501,903 2534,883 2575,883 2621,901 2711,893 2775,921 2816,916 2856,890 2951,893 3008,929 3161,931 3205,908 3258,934 3310,901 3340,903 3384,931 3399,926 3420,939 3504,913 3566,942 3617,942 3724,916 3732,993 3696,1016 3648,1003 3584,1011 3568,1000 3543,1011 3514,995 3461,1006 3445,995 3417,1011 3397,1000 3340,1008 3307,990 3248,990 3217,1006 3138,1003 3092,985 3041,985 3013,998 2984,983 2905,998 2882,980 2787,990 2772,977 2682,993 2562,972 2488,988 2432,972 2388,983 2355,967 2286,983 2224,967 2188,980 2050,977 2027,962 1960,972 1917,957 1840,972 1761,970 1743,957 1666,962 1620,949 1566,965 1543,952 1313,960"/>
        <Baseline points="1308,936 1429,940 1550,944 1671,947 1793,950 1914,953 2035,956 2157,958 2278,960 2399,963 2521,965 2642,968 2763,969 2884,972 3006,975 3127,977 3248,980 3370,983 3491,987 3612,990 3734,995"/>
        <TextEquiv>
          <Unicode>qu’il résulte  de l’examen du libre de l’ouvrière lequel a été  </Unicode>
        </TextEquiv>
      </TextLine>

    
    
      <TextLine id="r3l18" >
        <Coords points="1313,1047 1323,990 1356,1000 1441,1003 1461,993 1477,1003 1671,1008 1702,990 1717,998 1743,983 1802,975 1856,983 1902,1013 1991,1013 2030,998 2099,995 2132,1018 2155,1018 2206,990 2250,1021 2393,1024 2508,990 2570,990 2626,993 2667,1018 2713,995 2798,995 2859,1026 2915,998 2992,1000 3066,1039 3112,1021 3184,1031 3243,1006 3348,1008 3407,1047 3479,1021 3560,1047 3604,1031 3642,1047 3668,1031 3696,1047 3747,1018 3811,1018 3816,1103 3801,1123 3776,1108 3714,1123 3696,1111 3663,1128 3640,1116 3543,1113 3499,1131 3456,1100 3384,1116 3325,1098 3179,1108 3128,1095 3082,1108 3066,1098 2995,1095 2961,1116 2923,1095 2862,1105 2828,1090 2752,1098 2718,1085 2657,1098 2603,1085 2567,1093 2539,1080 2460,1085 2429,1100 2408,1088 2350,1100 2260,1085 2224,1098 2188,1088 2112,1093 2063,1080 2012,1098 1958,1080 1891,1095 1845,1072 1792,1070 1774,1080 1753,1064 1720,1062 1643,1088 1431,1085 1395,1064 1318,1062"/>
        <Baseline points="1314,1049 1439,1053 1564,1058 1689,1061 1815,1065 1940,1068 2065,1070 2190,1073 2316,1076 2441,1077 2566,1079 2691,1082 2817,1083 2942,1085 3067,1088 3192,1089 3318,1092 3443,1095 3568,1098 3693,1101 3819,1104"/>
        <TextEquiv>
          <Unicode>reconnu par la dame Michel-Poiret pour être celui sur lequel elle </Unicode>
        </TextEquiv>
      </TextLine>

    
    
      <TextLine id="r3l19" >
        <Coords points="1292,1162 1300,1118 1361,1095 1415,1116 1451,1103 1500,1123 1548,1126 1671,1118 1697,1128 1845,1131 1876,1116 1909,1134 1991,1134 2007,1123 2032,1136 2076,1136 2152,1113 2191,1136 2224,1139 2280,1136 2350,1100 2442,1139 2488,1123 2513,1136 2557,1111 2600,1118 2667,1108 2718,1139 2782,1111 2869,1111 2951,1154 2995,1157 3051,1157 3089,1134 3118,1152 3174,1118 3235,1118 3473,1123 3514,1141 3540,1126 3589,1126 3694,1167 3801,1141 3816,1146 3827,1216 3758,1239 3706,1223 3655,1239 3630,1223 3558,1231 3540,1221 3448,1221 3412,1233 3340,1216 3243,1226 3197,1216 3151,1228 3100,1210 2918,1223 2856,1210 2810,1218 2785,1205 2621,1210 2600,1200 2539,1200 2519,1213 2388,1200 2350,1210 2316,1198 2260,1210 2017,1205 1994,1187 1932,1203 1809,1200 1784,1190 1743,1198 1717,1182 1661,1192 1640,1180 1612,1180 1587,1195 1561,1182 1525,1192 1297,1190"/>
        <Baseline points="1293,1164 1419,1169 1546,1172 1673,1175 1800,1178 1926,1181 2053,1184 2180,1186 2307,1188 2433,1191 2560,1193 2687,1196 2814,1197 2940,1200 3067,1202 3194,1205 3321,1207 3447,1209 3574,1212 3701,1215 3828,1218"/>
        <TextEquiv>
          <Unicode>portait chaque article confectionné par le demoiselle Dumont qu’à </Unicode>
        </TextEquiv>
      </TextLine>

    
    
      <TextLine id="r3l20" >
        <Coords points="1297,1282 1308,1223 1384,1203 1423,1203 1500,1239 1602,1241 1681,1208 1758,1210 1848,1241 1896,1218 1945,1239 1978,1228 2012,1241 2040,1239 2078,1216 2114,1216 2140,1233 2196,1221 2273,1254 2388,1246 2526,1259 2567,1259 2606,1236 2626,1244 2652,1228 2713,1254 2741,1236 2803,1254 2859,1231 2954,1267 3056,1267 3089,1249 3123,1256 3143,1244 3194,1269 3253,1241 3330,1239 3427,1274 3486,1277 3507,1277 3555,1246 3617,1244 3676,1246 3719,1272 3747,1269 3755,1328 3745,1338 3645,1349 3601,1336 3522,1346 3471,1331 3407,1354 3343,1336 3310,1346 3284,1331 3202,1338 3153,1326 3092,1331 3056,1351 2941,1351 2874,1349 2777,1320 2716,1336 2675,1318 2616,1331 2593,1318 2542,1333 2513,1313 2411,1326 2362,1310 2332,1328 2283,1333 2250,1320 2227,1336 2173,1336 2158,1326 2119,1333 2078,1313 2009,1333 1955,1303 1866,1303 1812,1320 1779,1300 1648,1300 1610,1313 1587,1297 1528,1323 1438,1323 1425,1313 1364,1320 1336,1310 1318,1318 1303,1308"/>
        <Baseline points="1299,1284 1421,1287 1544,1290 1667,1293 1790,1295 1913,1298 2036,1299 2158,1302 2281,1304 2404,1307 2527,1308 2650,1311 2773,1313 2896,1314 3018,1317 3141,1319 3264,1321 3387,1323 3510,1326 3633,1328 3756,1331"/>
        <TextEquiv>
          <Unicode>partir du trois septembre dernier il s’y trouve porté trois notes </Unicode>
        </TextEquiv>
      </TextLine>

    
    
      <TextLine id="r3l21" >
        <Coords points="1305,1400 1315,1331 1379,1331 1415,1349 1472,1351 1569,1333 1628,1354 1725,1346 1756,1364 1789,1367 1891,1367 1932,1341 1976,1364 2065,1349 2088,1361 2114,1351 2145,1369 2201,1344 2268,1374 2296,1374 2344,1346 2416,1346 2483,1351 2506,1364 2534,1349 2580,1351 2606,1367 2624,1359 2657,1379 2767,1369 2798,1382 2813,1372 2849,1382 2877,1364 2920,1384 3038,1384 3077,1364 3130,1387 3200,1387 3246,1361 3361,1361 3445,1392 3491,1392 3550,1374 3635,1387 3665,1372 3719,1397 3822,1397 3829,1441 3819,1456 3642,1443 3622,1456 3604,1446 3578,1461 3520,1466 3471,1438 3361,1477 3136,1472 3061,1433 3002,1431 2951,1443 2808,1431 2775,1446 2716,1433 2662,1451 2585,1436 2554,1451 2501,1428 2472,1443 2447,1428 2375,1433 2329,1420 2286,1428 2245,1418 2165,1438 2129,1420 2083,1436 2017,1423 1986,1438 1873,1420 1853,1431 1832,1420 1781,1451 1646,1448 1574,1418 1559,1428 1507,1428 1474,1413 1397,1436 1336,1402 1313,1405"/>
        <Baseline points="1307,1401 1433,1403 1559,1406 1685,1408 1811,1410 1938,1413 2064,1415 2190,1416 2316,1419 2442,1421 2569,1422 2695,1425 2821,1427 2947,1428 3073,1430 3200,1432 3326,1434 3452,1436 3578,1437 3704,1439 3831,1442"/>
        <TextEquiv>
          <Unicode>d’articles confectionnés par la demanderesse ; que le prix </Unicode>
        </TextEquiv>
      </TextLine>

    
    
      <TextLine id="r3l22" >
        <Coords points="1290,1510 1295,1474 1364,1451 1402,1474 1443,1477 1512,1477 1579,1454 1623,1474 1669,1464 1702,1479 1871,1482 1909,1472 1943,1484 1999,1484 2076,1448 2250,1459 2309,1451 2362,1484 2421,1461 2452,1479 2493,1472 2549,1495 2616,1469 2700,1497 2782,1500 2823,1479 2849,1489 2880,1472 2900,1479 2931,1469 2972,1487 3010,1464 3079,1464 3125,1466 3187,1505 3230,1507 3328,1507 3392,1472 3443,1472 3479,1495 3522,1484 3553,1500 3591,1479 3676,1487 3691,1500 3760,1482 3788,1500 3819,1492 3829,1553 3819,1569 3806,1561 3750,1576 3678,1559 3594,1559 3543,1574 3496,1556 3420,1569 3379,1553 3310,1553 3269,1569 3212,1553 3179,1564 3161,1553 3048,1548 2933,1564 2805,1559 2739,1543 2680,1543 2649,1556 2621,1541 2544,1541 2485,1556 2055,1548 1989,1530 1930,1541 1873,1528 1794,1541 1774,1528 1715,1525 1587,1541 1418,1520 1392,1536 1333,1536 1297,1523"/>
        <Baseline points="1292,1512 1425,1515 1559,1519 1692,1521 1826,1524 1960,1527 2093,1529 2227,1532 2361,1533 2494,1535 2628,1538 2761,1539 2895,1541 3029,1542 3162,1544 3296,1545 3430,1548 3563,1550 3697,1551 3831,1554"/>
        <TextEquiv>
          <Unicode>des articles y est également  porté que contrairement à la déclaration </Unicode>
        </TextEquiv>
      </TextLine>

    
    
      <TextLine id="r3l23" >
        <Coords points="1282,1628 1290,1579 1320,1579 1359,1556 1400,1579 1474,1551 1520,1579 1533,1571 1548,1582 1638,1584 1689,1553 1720,1553 1794,1556 1825,1574 1856,1556 1966,1571 1986,1559 2045,1587 2129,1561 2273,1564 2319,1592 2380,1597 2457,1566 2478,1576 2608,1569 2659,1602 2739,1587 2769,1605 2990,1607 3023,1592 3069,1610 3095,1594 3143,1589 3171,1607 3217,1600 3264,1612 3294,1597 3366,1612 3412,1592 3456,1615 3514,1617 3548,1600 3584,1610 3609,1597 3676,1602 3709,1589 3755,1610 3816,1594 3824,1671 3814,1692 3796,1694 3745,1692 3724,1679 3699,1689 3671,1676 3632,1697 3614,1689 3571,1699 3504,1679 3461,1704 3376,1704 3164,1699 3128,1676 3084,1684 3038,1669 3013,1681 2982,1666 2941,1674 2923,1664 2851,1664 2818,1676 2795,1664 2741,1661 2670,1687 2626,1658 2496,1658 2465,1674 2398,1676 2288,1666 2263,1674 2245,1664 2219,1676 2186,1666 2163,1676 2147,1666 2122,1681 2032,1681 1981,1651 1914,1651 1856,1666 1771,1646 1733,1658 1684,1646 1664,1658 1648,1648 1533,1643 1482,1666 1384,1643 1333,1669 1290,1661"/>
        <Baseline points="1283,1629 1410,1632 1537,1635 1664,1637 1791,1640 1918,1641 2045,1644 2172,1646 2299,1647 2426,1649 2554,1650 2681,1652 2808,1653 2935,1656 3062,1658 3189,1659 3316,1662 3443,1664 3570,1667 3697,1670 3825,1673"/>
        <TextEquiv>
          <Unicode>de la dame Michel-Poiret, le mot payé ne se trouva pas porté au </Unicode>
        </TextEquiv>
      </TextLine>

    
    
      <TextLine id="r3l24" >
        <Coords points="1280,1745 1285,1699 1333,1674 1418,1674 1469,1707 1543,1702 1605,1717 1671,1717 1730,1692 1802,1704 1845,1681 1917,1681 2024,1684 2063,1707 2117,1689 2147,1707 2168,1702 2209,1717 2234,1710 2252,1720 2396,1730 2442,1730 2470,1717 2490,1730 2575,1733 2652,1694 2762,1697 2808,1725 2854,1710 2913,1730 2987,1728 3002,1717 3059,1740 3112,1740 3143,1728 3194,1743 3253,1743 3297,1720 3335,1717 3376,1745 3512,1745 3532,1735 3553,1745 3627,1710 3648,1720 3732,1712 3814,1745 3824,1786 3809,1799 3755,1802 3520,1792 3491,1804 3394,1792 3363,1804 3333,1794 3281,1804 3253,1789 3176,1799 3133,1786 3048,1802 3008,1784 2918,1797 2841,1779 2772,1797 2757,1786 2680,1794 2636,1784 2583,1794 2506,1776 2467,1792 2424,1774 2334,1771 2255,1781 2204,1771 2170,1786 2081,1786 1966,1784 1920,1763 1858,1763 1832,1779 1761,1761 1733,1761 1702,1779 1605,1779 1579,1768 1459,1776 1425,1758 1400,1771 1374,1756 1323,1756 1297,1771 1285,1763"/>
        <Baseline points="1280,1746 1407,1751 1534,1754 1661,1757 1789,1760 1916,1763 2043,1764 2170,1766 2298,1768 2425,1769 2552,1770 2679,1772 2807,1773 2934,1775 3061,1776 3188,1778 3316,1779 3443,1781 3570,1783 3697,1785 3825,1788"/>
        <TextEquiv>
          <Unicode>bas de ces notes ; attendu que ces trois notes réunies forment bien </Unicode>
        </TextEquiv>
      </TextLine>

    
    
      <TextLine id="r3l25" >
        <Coords points="1282,1866 1290,1792 1331,1784 1359,1784 1395,1804 1423,1797 1510,1825 1548,1815 1607,1827 1707,1815 1804,1825 1856,1802 1917,1825 1960,1802 2032,1832 2140,1835 2173,1815 2222,1830 2268,1802 2304,1797 2396,1838 2539,1840 2598,1822 2624,1838 2700,1843 2769,1807 2839,1843 2990,1845 3036,1827 3066,1848 3112,1848 3189,1809 3258,1807 3315,1809 3366,1838 3397,1840 3473,1822 3507,1843 3576,1812 3842,1815 3852,1899 3842,1920 3796,1922 3760,1909 3691,1920 3653,1904 3550,1914 3507,1904 3468,1917 3456,1907 3417,1914 3335,1902 3200,1914 3174,1899 3092,1907 3061,1896 2915,1917 2890,1902 2808,1894 2762,1917 2688,1909 2672,1920 2598,1904 2560,1917 2316,1914 2242,1889 2196,1889 2147,1907 2109,1894 2050,1907 2001,1884 1930,1899 1861,1881 1817,1881 1792,1894 1745,1881 1569,1894 1502,1884 1454,1899 1420,1891 1377,1902 1308,1902 1290,1891"/>
        <Baseline points="1283,1868 1411,1871 1540,1873 1668,1875 1797,1877 1926,1880 2054,1881 2183,1881 2311,1883 2440,1884 2569,1886 2697,1886 2826,1887 2954,1889 3083,1890 3212,1892 3340,1893 3469,1895 3597,1897 3726,1899 3855,1902"/>
        <TextEquiv>
          <Unicode>le montant de la somme réclamée par la demoiselle Dumont ; attendu </Unicode>
        </TextEquiv>
      </TextLine>

    
    
      <TextLine id="r3l26" >
        <Coords points="1264,1991 1272,1932 1341,1958 1395,1958 1461,1925 1533,1955 1671,1960 1751,1927 1804,1958 1827,1953 1848,1963 1896,1948 1922,1963 2050,1966 2145,1930 2255,1930 2280,1940 2319,1932 2350,1950 2388,1943 2416,1960 2470,1932 2552,1932 2754,1943 2813,1973 2869,1950 2920,1950 2959,1973 3020,1968 3056,1950 3097,1976 3133,1976 3164,1958 3215,1976 3302,1940 3425,1943 3486,1978 3568,1968 3586,1981 3676,1981 3727,1966 3752,1981 3840,1973 3850,2017 3814,2032 3770,2024 3727,2035 3696,2024 3681,2035 3599,2037 3573,2024 3435,2022 3386,2037 3322,2022 3292,2032 3271,2019 3176,2030 3159,2019 3054,2017 2995,2032 2931,2017 2908,2030 2864,2022 2826,2032 2795,2014 2749,2024 2726,2014 2580,2014 2554,2027 2339,2027 2301,2009 2260,2019 2214,2009 2183,2024 2083,2014 1955,2022 1930,2007 1850,2022 1786,2004 1712,2004 1684,2019 1605,2009 1584,2019 1397,2017 1351,2001 1300,2017 1272,2009"/>
        <Baseline points="1266,1994 1395,1995 1524,1997 1653,1997 1783,1998 1912,2000 2041,2001 2171,2002 2300,2003 2429,2004 2559,2006 2688,2007 2817,2009 2946,2009 3076,2010 3205,2012 3334,2013 3464,2015 3593,2016 3722,2018 3852,2019"/>
        <TextEquiv>
          <Unicode>encore que les époux Michel-Poiret ne peuvent justifier en aucune </Unicode>
        </TextEquiv>
      </TextLine>

    
    
      <TextLine id="r3l27" >
        <Coords points="1249,2119 1254,2063 1287,2063 1336,2035 1428,2035 1443,2045 1461,2035 1548,2037 1587,2060 1607,2048 1640,2058 1666,2045 1697,2050 1717,2037 1763,2035 1968,2037 2024,2071 2091,2060 2129,2076 2268,2078 2309,2063 2360,2078 2385,2063 2426,2060 2472,2076 2516,2060 2554,2076 2608,2073 2700,2040 2764,2040 2831,2076 2903,2063 2951,2081 3271,2083 3328,2063 3361,2083 3407,2063 3504,2073 3617,2053 3676,2076 3760,2083 3770,2132 3719,2137 3694,2152 3591,2152 3555,2137 3310,2152 3284,2137 3192,2132 3141,2142 3105,2135 3087,2145 3061,2137 3023,2150 2964,2150 2944,2137 2885,2150 2629,2137 2590,2147 2560,2132 2298,2147 2257,2127 2178,2127 2135,2145 2068,2145 2042,2129 2017,2145 1989,2145 1953,2127 1871,2135 1763,2124 1735,2137 1689,2124 1658,2142 1617,2124 1541,2124 1507,2142 1479,2142 1454,2127 1428,2142 1397,2142 1369,2124 1297,2124 1254,2140"/>
        <Baseline points="1251,2121 1377,2118 1503,2118 1629,2117 1755,2117 1881,2117 2007,2117 2133,2118 2259,2118 2385,2120 2511,2121 2637,2123 2763,2124 2889,2126 3015,2127 3141,2129 3267,2130 3393,2132 3519,2132 3645,2133 3771,2133"/>
        <TextEquiv>
          <Unicode>façon du paiement de ces notes de travail, ayant déclaré ne tenir </Unicode>
        </TextEquiv>
      </TextLine>

    
    
      <TextLine id="r3l28" >
        <Coords points="1262,2237 1269,2196 1290,2186 1320,2201 1423,2201 1492,2168 1763,2168 1807,2193 1871,2173 1904,2193 1940,2183 1984,2204 2017,2204 2078,2170 2181,2199 2245,2181 2306,2204 2383,2204 2432,2176 2470,2193 2513,2191 2560,2170 2629,2183 2675,2206 2741,2206 2762,2193 2810,2204 2831,2191 2887,2206 2977,2196 2995,2206 3097,2206 3210,2176 3356,2176 3379,2188 3432,2191 3463,2209 3512,2209 3558,2191 3601,2209 3829,2206 3845,2247 3834,2257 3683,2257 3653,2273 3607,2257 3584,2268 3499,2257 3476,2270 3394,2257 3330,2273 3297,2260 3243,2260 3228,2270 3171,2255 3077,2268 3046,2255 2990,2265 2959,2255 2900,2270 2800,2270 2705,2255 2636,2268 2611,2257 2549,2268 2291,2268 2265,2255 2201,2268 2176,2252 2124,2268 2076,2252 2032,2268 1968,2268 1917,2250 1886,2265 1707,2265 1689,2255 1610,2265 1584,2250 1433,2250 1418,2260 1356,2250 1326,2263 1272,2263"/>
        <Baseline points="1263,2238 1392,2238 1521,2240 1650,2240 1779,2240 1908,2241 2037,2241 2167,2243 2296,2243 2425,2243 2554,2244 2683,2244 2812,2244 2941,2246 3071,2246 3200,2247 3329,2247 3458,2247 3587,2249 3716,2249 3846,2250"/>
        <TextEquiv>
          <Unicode>aucun livre de compte que celui laissé aux mains de l’ouvrière et auquel </Unicode>
        </TextEquiv>
      </TextLine>

    
    
      <TextLine id="r3l29" >
        <Coords points="1251,2347 1256,2304 1326,2270 1387,2270 1441,2304 1466,2293 1489,2306 1617,2309 1656,2296 1720,2309 1850,2309 1907,2286 1925,2293 1958,2273 2019,2311 2117,2311 2147,2293 2181,2311 2252,2311 2293,2288 2321,2304 2467,2306 2488,2296 2552,2304 2621,2278 2716,2278 2831,2280 2877,2304 2951,2293 2977,2309 3031,2293 3069,2311 3148,2286 3182,2298 3220,2283 3381,2283 3399,2293 3445,2283 3502,2309 3548,2296 3591,2321 3712,2311 3806,2321 3816,2365 3799,2378 3747,2375 3722,2391 3683,2391 3658,2375 3463,2391 3438,2375 3407,2383 3386,2373 3310,2373 3279,2388 3171,2373 3112,2388 3054,2378 2997,2385 2972,2375 2903,2383 2869,2373 2831,2385 2757,2373 2621,2383 2565,2368 2526,2378 2478,2370 2457,2383 2388,2383 2360,2370 2273,2380 2252,2368 2216,2380 2119,2370 2094,2380 2068,2370 1994,2378 1968,2368 1953,2378 1712,2378 1689,2365 1625,2378 1600,2360 1495,2362 1459,2375 1428,2375 1402,2360 1285,2360 1256,2373"/>
        <Baseline points="1254,2349 1382,2352 1510,2355 1638,2358 1767,2360 1895,2361 2023,2363 2151,2363 2280,2364 2408,2364 2536,2364 2664,2364 2793,2364 2921,2364 3049,2364 3177,2364 3306,2364 3434,2364 3562,2364 3690,2364 3819,2366"/>
        <TextEquiv>
          <Unicode>ils ont continué de s’en rapporter ; Par ces motifs - Le Bureau </Unicode>
        </TextEquiv>
      </TextLine>

    
    
      <TextLine id="r3l30" >
        <Coords points="1259,2475 1267,2444 1290,2444 1328,2421 1384,2444 1477,2424 1510,2437 1561,2414 1656,2414 1687,2432 1733,2429 1758,2444 1879,2444 1917,2432 1943,2447 2193,2447 2224,2432 2263,2447 2304,2447 2355,2416 2383,2429 2460,2416 2629,2434 2662,2419 2677,2429 2716,2426 2757,2449 2905,2449 2933,2432 2977,2447 3038,2424 3082,2449 3128,2442 3166,2452 3202,2449 3246,2424 3274,2432 3292,2421 3468,2421 3507,2444 3540,2442 3578,2421 3637,2421 3699,2452 3770,2421 3781,2485 3712,2498 3632,2490 3612,2503 3438,2490 3404,2508 3304,2493 3220,2493 3182,2508 3069,2506 3038,2488 2990,2506 2895,2506 2880,2496 2764,2506 2744,2493 2723,2503 2682,2493 2634,2506 2560,2493 2508,2506 2449,2488 2362,2503 2117,2503 2071,2490 2022,2498 1856,2485 1827,2498 1807,2488 1715,2493 1697,2483 1579,2501 1553,2485 1512,2493 1495,2483 1436,2493 1390,2483 1267,2501"/>
        <Baseline points="1260,2477 1386,2480 1512,2481 1638,2483 1764,2483 1890,2484 2016,2484 2143,2484 2269,2484 2395,2484 2521,2484 2647,2484 2773,2484 2899,2484 3026,2483 3152,2483 3278,2483 3404,2483 3530,2484 3656,2484 3783,2486"/>
        <TextEquiv>
          <Unicode>Général jugeant en dernier ressort - Condamner les époux </Unicode>
        </TextEquiv>
      </TextLine>

    
    
      <TextLine id="r3l32" >
        <Coords points="1274,2593 1280,2534 1315,2513 1466,2513 1536,2552 1615,2513 1771,2513 1853,2531 1894,2516 2037,2516 2088,2536 2135,2531 2186,2562 2288,2565 2378,2565 2457,2521 2529,2547 2575,2531 2644,2565 2728,2565 2749,2552 2769,2565 2839,2567 2890,2544 2928,2560 2944,2552 3008,2567 3072,2567 3097,2552 3125,2565 3228,2567 3258,2549 3343,2544 3422,2567 3448,2557 3489,2570 3770,2562 3804,2567 3814,2606 3724,2631 3699,2616 3614,2616 3530,2634 3453,2634 3427,2621 3407,2634 3330,2634 3297,2613 2918,2613 2851,2631 2826,2616 2805,2629 2782,2613 2690,2629 2659,2613 2575,2611 2503,2613 2472,2626 2432,2616 2291,2629 2199,2621 2178,2608 2142,2608 2109,2626 2081,2611 2058,2621 2032,2608 1999,2621 1960,2611 1935,2626 1804,2626 1779,2611 1745,2624 1694,2608 1651,2608 1612,2624 1546,2613 1512,2621 1487,2606 1441,2624 1384,2606 1282,2624"/>
        <Baseline points="1275,2594 1402,2597 1529,2600 1656,2601 1783,2603 1910,2603 2037,2604 2164,2604 2291,2604 2418,2604 2545,2604 2672,2604 2799,2603 2926,2603 3053,2603 3180,2603 3307,2603 3434,2604 3561,2604 3688,2606 3816,2607"/>
        <TextEquiv>
          <Unicode>Michel-Poiret à payer solidairement et avec intérêts suivant </Unicode>
        </TextEquiv>
      </TextLine>

    
    
      <TextLine id="line_1527352009359_25" >
        <Coords points="1216,2736 1223,2680 1290,2641 1443,2641 1518,2685 1566,2685 1630,2647 1661,2662 1681,2654 1743,2682 1781,2670 1812,2682 1991,2682 2086,2641 2237,2636 2293,2636 2375,2677 2411,2662 2437,2675 2457,2662 2511,2670 2531,2657 2595,2677 2677,2636 2746,2634 2808,2634 2890,2677 3054,2677 3097,2652 3130,2659 3207,2641 3261,2667 3294,2652 3343,2672 3376,2654 3412,2675 3484,2675 3589,2631 3604,2641 3717,2631 3791,2664 3801,2723 3781,2744 3735,2731 3571,2746 3527,2736 3504,2746 3394,2746 3371,2736 3333,2746 3251,2739 3233,2749 3169,2749 3151,2739 3095,2739 3018,2749 2997,2739 2933,2749 2905,2736 2833,2734 2795,2749 2739,2752 2652,2736 2608,2749 2393,2752 2375,2741 2319,2741 2211,2754 2104,2754 2088,2744 2014,2754 1881,2739 1845,2754 1761,2754 1735,2739 1722,2749 1687,2741 1661,2757 1515,2757 1484,2741 1264,2744 1221,2757"/>
        <Baseline points="1216,2739 1283,2738 1441,2736 1598,2734 1756,2733 1913,2732 2071,2732 2228,2732 2385,2732 2543,2733 2700,2733 2858,2733 3015,2733 3173,2732 3330,2732 3488,2730 3645,2727 3803,2724"/>
        <TextEquiv>
          <Unicode>la loi à la demoiselle Dumont la somme de vingt cinq </Unicode>
        </TextEquiv>
      </TextLine>

    
    
      <TextLine id="r3l35" >
        <Coords points="1236,2854 1244,2798 1262,2787 1285,2792 1336,2762 1387,2762 1466,2800 1574,2800 1605,2782 1643,2800 1751,2800 1794,2787 1820,2798 1850,2780 1889,2798 2040,2798 2076,2785 2176,2798 2240,2759 2275,2757 2396,2757 2478,2795 2560,2759 2590,2767 2621,2757 2780,2757 2810,2769 2859,2767 2880,2780 2897,2772 2949,2790 2961,2782 3015,2792 3036,2780 3066,2787 3153,2754 3256,2787 3330,2752 3374,2752 3438,2790 3494,2780 3630,2790 3706,2752 3755,2752 3819,2777 3829,2841 3819,2869 3781,2851 3745,2851 3714,2869 3491,2869 3450,2851 3312,2851 3266,2869 3128,2856 3092,2867 3046,2854 2984,2872 2496,2874 2465,2856 2411,2867 2368,2856 2337,2872 2286,2862 2250,2874 2224,2859 2173,2877 2106,2862 2024,2874 2004,2862 1925,2859 1804,2877 1766,2877 1735,2862 1523,2862 1446,2880 1415,2862 1328,2862 1244,2880"/>
        <Baseline points="1238,2855 1367,2855 1497,2856 1626,2856 1756,2856 1886,2855 2015,2855 2145,2855 2275,2853 2404,2852 2534,2852 2664,2850 2793,2850 2923,2849 3053,2847 3182,2847 3312,2846 3442,2846 3571,2844 3701,2844 3831,2844"/>
        <TextEquiv>
          <Unicode>francs vingt cinq centimes qu’ils lui doivent pour prix de </Unicode>
        </TextEquiv>
      </TextLine>

    
    
      <TextLine id="r3l36" >
        <Coords points="1231,2977 1239,2926 1320,2885 1392,2910 1436,2913 1451,2903 1525,2931 1625,2877 1763,2877 1781,2887 1976,2874 2058,2874 2145,2923 2227,2874 2406,2872 2493,2923 2544,2923 2626,2880 2675,2905 2713,2895 2762,2920 3048,2920 3112,2892 3161,2918 3581,2915 3619,2892 3658,2880 3683,2890 3727,2867 3750,2880 3819,2880 3829,2959 3770,2982 3732,2969 3671,2969 3645,2984 3614,2974 3537,3008 3468,3010 3281,3010 3230,2979 3174,2987 3148,2972 3107,2987 3066,2977 2992,2987 2969,2974 2869,2974 2798,3005 2716,2979 2659,2984 2624,3002 2593,2984 2542,2979 2516,2992 2472,2984 2403,2995 2373,2984 2342,3005 2309,3005 2280,2990 2209,3005 1986,2995 1948,3020 1853,3020 1815,2997 1789,3013 1740,2984 1628,2990 1571,3023 1464,2987 1384,3010 1341,2984 1295,3010 1239,3000"/>
        <Baseline points="1233,2979 1362,2981 1492,2982 1622,2984 1752,2984 1882,2984 2012,2982 2142,2982 2272,2981 2402,2979 2532,2978 2661,2976 2791,2975 2921,2973 3051,2970 3181,2969 3311,2967 3441,2966 3571,2964 3701,2963 3831,2961"/>
        <TextEquiv>
          <Unicode>travaux faits par la demanderesse pour leur compte et d’après les </Unicode>
        </TextEquiv>
      </TextLine>

    
    </TextRegion>
    
  </Page>
</PcGts>
