4608 3072
1902 550 2716 668 Du dit jour vingt neuf Janvier
1341 627 3376 760 Entre Madame Marie René, veuve du sieur Louis
1315 729 3376 860 Emile Reymont, demeurant et domicilié à Paris, rue du faubourg
1297 842 3386 962 Saint Antoine, numéro trois, agissant au non et comme chargé de
1303 936 3379 1057 l’administration de la personne et des biens de son fils mineur,
1310 1031 3386 1175 Joseph Reymond, apprenti ; Demanderesse ; Comparant ; D’une
1300 1141 3394 1267 part ; Et Monsieur Louis Bonnefoy, tapissier, demeurant et
1328 1246 3397 1356 domicilié à Paris, rue des fossés saint Bernard, numéro six ;
1328 1326 3386 1466 Défendeur ; Comparant ; D’autre part ; Point de fait –
1308 1431 3404 1566 Par lettre du secrétaire du Conseil de Prud’hommes du Département
1310 1551 3404 1664 de la Seine pour l’industrie des tissus en date du Vendredi onze
1308 1630 3409 1776 Décembre mil huit cent cinquante sept Bonnefoy fit citer la dame
1318 1745 3427 1879 veuve Reymont à comparaître pardevant le dit Conseil séant en Bureau
1310 1866 3435 1973 Particulier le samedi douze Décembre mil huit cent cinquante sept
1285 1960 3427 2086 pour se concilier si faire se pouvait sur la demande qu’il entendait
1318 2073 3432 2191 former contre elle devant le dit Conseil en exécution de Convention verbale
1315 2170 3432 2324 d’apprentissage. A l’appel de la cause Bonnefoy se présenta et exposa au
1287 2280 3443 2398 Conseil que suivant convention verbale en date du premier juillet mil
1313 2370 3440 2511 huit cent cinquante sept la veuve Reymont a placé chez lui en tant
1305 2475 3448 2649 d’apprenti, son fils mineur Joseph pour deux ans et demis à partir du dit
1297 2588 3450 2723 jour ; que depuis quelques jours et sans motifs plausibles elle le lui a
1323 2688 3468 2828 retiré. De son coté la veuve Reymont se présenta et exposa au Conseil
1310 2790 3456 2951 qu’il n’a jamais consenti à laisser son fils chez Bonnefoy pendant deux ans
1323 2900 3376 3056 et demi, que les conventions ont été faite pour deux années ; que Bonnefoy
