4608 3072
1466 2 3440 89 livret signé ; Attendu que s'il est d'usage que les Patrons
1472 53 3491 194 et ouvriers de certaines industries doivent se prévenir mutuellement
1464 151 3463 281 un certain laps de temps lorsq à l'avance, lorsqu'ils sont pour
1466 245 3484 376 se quitter, cet usage ne peut être appliqué à des ouvriers n'étant
1466 332 3435 465 n'ayant pas travaillé un certain temps restés que quelques jours
1477 419 3479 552 dans la fabrique ou atelier à moins qu'ils aient déjà été employés
1474 517 3435 634 dans cette même fabrique, que les usages leur soient connus et
1459 609 3430 729 que les fabricants connaissent leur capacités et leur moralité
1472 711 3466 819 Qu'il est d'usage au contraire que la semaine de Congé n'est
1477 798 3502 939 due, soit par le Patron, soit par l'ouvrier; que lorsque l'ouvrier
1484 906 3466 1008 a passé au moins une quinzaine de jours dans la fabrique ou
1474 988 3432 1100 il est admis à travailler ; que jusques là il reste libre de se retirer.
1479 1098 3481 1190 Comme le fabricant est libre de le remercier, sans qu'il soit besoin,
1443 1167 3503 1319 par l'un ou par l'autre, de prévenir aucun temps à l'avance ;
1487 1277 3458 1364 Attendu que Weltzer et Quivriez n'étant restés que deux jours dans
1487 1356 3522 1482 la fabrique des défendeurs étaient dans leur droit de refuser la continuation
1469 1477 3412 1559 d'un travail qu'ils croyaient ne pouvoir faire avec succès ;
1479 1561 3471 1661 que dans l'espèce les defendeurs ont eu tort de s'opposer à
1472 1643 3496 1758 leur remettre leur livret signé à la sortie puis qu'ils l'avaient
1466 1738 3517 1861 fait signer à l'entrée ; Attendu que Ritaud, fleury et compagnie
1477 1825 3509 1958 offrent de payer les quatre francs dus à chacun des ouvriers pour
1484 1927 3489 2053 salaire ; mais qu'ils se refusent à remettre le livret signé ;
1484 2030 3522 2155 attendu que ce refus de la part des défendeurs doit nécessairement
1497 2127 3520 2240 causer préjudice aux demandeurs et qu'il importe que le conseil
1484 2201 3481 2342 fixe la réparation qui leur sera due si les defendeurs persistent
1482 2298 3504 2434 dans leur refus ; attendu qu'il est constant que les demandeurs
1489 2383 3522 2529 ont déjà éprouvé un préjudice à ce jour par la retenue du livret
1472 2490 3486 2634 par le défendeurs ; que le Conseil ayant les éléments nécessaires
1482 2557 3520 2731 fixe l'indemnité qui leur est due à chacun, pour ce fait, à la
1464 2659 3507 2856 somme de Cinq francs ; Par ces motif - Le Bureau
