3072 4608
833 322 2856 472 sont restées en qualité d'apprenties chez la dite demoiselle Leflesselle
829 380 2853 556 extraction faite de toute somme applicable au paiement de l'instruction
806 472 2849 645 qu'elles n'ont pas reçue d'une manière sérieuse et régulière ;
814 560 2849 733 Résilie les conventions verbales d'apprentissage intervenues
814 668 2822 821 entre la demoiselle Leflesselle et la Demoiselle Caron et
794 752 2845 929 Lequine le huit avril mil huit cent Cinquante sept ; Déboute
829 840 2776 1017 la demoiselle Leflesselle du surplus de ses demandes ;
817 940 2860 1136 Condamne la demoiselle Caron et Lequine aux dépens taxés et
798 1032 2822 1198 liquidés envers la demoiselle Leflesselle à la somme de un franc
714 1128 2841 1305 soixante Centimes, et à celle de un franc envers le trésor Public
779 1224 2864 1382 pour le papier timbré de la présente minute, conformément à la
791 1317 2849 1482 loi du sept août mil huit Cent Cinquante, ence, non compris
787 1416 2856 1578 Cout du présent jugement, la signification d'icelui et les suites
779 1512 2822 1681 Et vu les articles 435 du code de procédure civile, 27 et 42 un
779 1616 2849 1766 décret du onze Juin 1809 pour signifier à Lequine le présent
802 1708 2849 1858 jugement commet l'un de messieurs les huissiers Audienciers de la justice
794 1812 2856 1962 de paix du Canton dans lequel se trouve Comprise la commune de saint
779 1916 2219 2123 Pierre sur Dives — ansi jugé les jours mois et an que dessus
1524 2576 2058 2714 Audience
1766 2699 1916 2814 du
794 2787 2853 2926 Vendredi dix huit Juin mil huit cent Cinquante huit . Siégeant
768 2887 2849 3029 Messieurs Biétry, officier de la région d'honneur, président
760 2987 2856 3118 du Conseil de Prud'hommes du Département de la Seine pour l'industrie
768 3087 2764 3225 des tissus, Sajon, Devening, Vinceneux et Bichut
779 3194 2826 3325 Prud'hommes assistés de Monsieur Lecucq, secrétaire
768 3275 1297 3390 du dit Conseil.
775 3467 2860 3590 Entre Madame Marceline Poulet ; épouse assistée et autorisée
737 3571 2833 3686 du Sieur Thomas Mathieu, et ce dernier, la dite dame Marceline,
721 3678 2830 3786 ouvrière, demeurant ensemble, les dits époux à Paris, rue Mazarine
733 3770 2818 3882 numéro vingt Cinq ; Demandeurs ; Comparant ; D'une part ;
718 3866 2822 3978 Et Monsieur Barrière, tailleur d'habits, demeurant et
737 3962 2841 4074 domicilié à Paris, rue des Billettes, numéro douze ; Défendant ;
729 4043 2810 4181 Défaillant ; D'autre part ; Point de fait — Par lettres
733 4143 2841 4320 du secrétaire du Conseil de Prud'hommes du Département
