4608 3072
1379 629 3791 806 vendredi cinq février mil huit cent cinquante huit. Cité pour le dit jour
1361 727 3755 901 cinq février Vercruitz se présenta. A l’appel de la cause Mouiller se
1354 852 3737 1013 présenta et conclut à ce qu’il plut au Bureau Général du dit conseil
1377 962 3742 1116 condamner Vercruitz à lui restituer la somme de dix huit francs
1361 1057 3783 1226 trente centimes, laquelle somme lui a été payée par avance pour la
1338 1180 3773 1346 façon d’un habit qu’il n’a pas fait, et le condamner aux dépens.
1351 1300 3788 1459 De son coté Vercruitz se présenta et conclut à ce qu’il plut au Bureau
1369 1410 3796 1564 Général attendu que s’il n’a pas terminé l’habit pour lequel il a reçu
1364 1510 3763 1669 la somme de dix huit francs trente centimes c’est ne pouvait le faire
1287 1633 3791 1771 pour le jour fixé pas son patron ; qu’il a su agir dans l’intérêt de son
1331 1740 3778 1889 patron en le lui renvoyant quelques jours auparavant afin de lui permettre
1346 1853 3783 1996 de le faire terminer par un autre ouvrier ; attendu qu’il a mis l’habit
1346 1963 3704 2101 à l’essayage et que ce travail doit lui être payé. -Par ce motif –
1349 2076 3781 2199 Dire que Mouiller est mal donné à lui réclamer la somme intégrale
1333 2196 3745 2324 payée par avance pour la façon de cet habit, lui accorder termes et
1331 2319 3763 2434 délais pour payer la somme que le Conseil croira devoir fixer en
1323 2421 3781 2531 tenant compte de cette mise à l’essayage et condamner Mouiller aux
1336 2526 3796 2657 dépens. Point de droit – Devait-on condamner Vercruitz à payer
1333 2652 3760 2749 à Mouiller la somme de dix huit francs qu’il reçut à l’avance d’un
1317 2793 3785 2855 prix de façon d’habit qu’il était engagé à faire et qu’il n’a pas fait ?
