3072 4608
675 276 2768 372 elle devant le dit conseil en exécution de convention verbale d’apprentissage
691 334 2737 449 ou en paiement d’une indemnité. La demoiselle Bourguignon se
664 426 2745 537 présenta et exposa au Conseil que suivant Convention verbale
683 510 2707 633 d’apprentissage en date du quinze mars mil huit cent cinquante
683 602 2730 721 sept le veuve Baucher a placé sa fille mineure Augustine chez elle
675 698 2711 821 pour deux années à partir du dit jour : que pendant toute la durée
679 787 2776 917 de la première année le travail de l’apprentie ne devait pas être rétribué
664 887 2730 998 mais qu’elle devait lui payer la somme de cinquante centime par
683 975 2668 1082 chaque jour de travail pendant la deuxième et dernière année ;
668 1063 2726 1178 Qu’après sept mois d’exécution la dame veuve Baucher lui avait
668 1159 2764 1278 retiré l’apprentie sans aucun motif – Le sieur Lavoisier se présenta
679 1259 2726 1370 au nom de la dame Baucher pour laquelle il déclara se porter fort
683 1344 2772 1463 et exposa au Conseil que l’apprentie a été placée chez la demanderesse
672 1432 2741 1555 pour deux années ; que lorsqu’on lui confia la Direction de
656 1532 2760 1647 la jeune personne sa mère la croyait  mariée, mais qu’ayant depuis
625 1620 2753 1735 apris qu’elle vivait en concubinage, et ayant d’ailleurs à lui reprocher de
645 1704 2795 1850 laisser tenir par ses ouvrières et dans ses ateliers des propos qu’une
672 1812 2757 1927 jeune personne ne  peut entendre on la lui avait retirée – Le Bureau
679 1908 2718 2035 Particulier après avoir entendu les parties dut d’avis que la veuve
656 2000 2780 2138 Baucher devait faire rentrer sa fille dans les atelier de sa patronne,
660 2096 2741 2238 sinon qu’elle serait tenue, sous la garantie de monsieur Lavoisier,
656 2200 2661 2323 à lui payer la somme de deux cent francs à titre d’indemnité.
625 2300 2749 2426 Les parties ayant accepté cette proposition de conciliation la cause
652 2388 2780 2519 fut Conciliée. La veuve Baucher n’ayant pas rempli les conditions
645 2488 2780 2622 de la conciliation fut de nouveau appelée à comparaitre par devant
622 2572 2726 2718 le Bureau Particulier du Conseil séant le mardi cinq janvier
618 2668 2768 2822 mil huit cent cinquante huit. A l’appel de la cause la demoiselle
610 2776 2718 2906 Bourguignon demande paiement de la somme de deux cent
614 2860 2776 3018 francs à titre d’indemnité, se fondant sur ce que la veuve Baucher
633 2979 2734 3114 n’a pas renvoyé sa fille aussitôt après la conciliation du vingt
610 3075 2741 3217 un novembre dernier. La veuve Baucher se présenta et
618 3171 2776 3306 exposa au Conseil être disposée à faire continuer l’apprentissage
625 3267 2734 3406 de sa fille et déclara ne l’avoir gardée près d’elle que pour en
602 3379 2734 3502 recevoir les soins que son état de maladie exigeait. Les parties
618 3471 2784 3598 n’ayant pas pu être conciliées la cause fut renvoyée devant le Bureau
599 3575 2772 3694 Général du dit Conseil séant le vendredi huit janvier mil huit
568 3671 2753 3793 cent cinquante huit. Cités pour le dit jour huit janvier la veuve
599 3778 2722 3886 Baucher, le sieur Lavoisier et les époux Eudeline Comparant.
610 3866 2787 3989 A l’appel de la cause la demoiselle Bourguigon conclut à ce qu’il
610 3962 2757 4085 plut au Bureau Général du dit Conseil condamner la veuve
602 4055 2749 4212 Baucher à lui payer avec intérêt suivant la loi la somme de
