4608 3072
1420 232 3535 378 la cause fut renvoyée devant le Bureau Général du dit Conseil séant le
1402 353 3532 471 Vendredi neuf janvier mil huit cent cinquante huit et ajourné
1425 430 3545 560 au vendredi cinq février suivant mois. Cité à comparaître le dit jour
1405 519 3532 663 cinq Février par exploit de Potin, huissier à Paris en date du premier
1392 619 3555 760 Février mil huit cent cinquante huit, visé pour timbre et enregistré à Paris
1402 721 3560 852 Le deux Février mil huit cent cinquante huit, en délié de un franc soixante
1397 826 3555 954 centimes, folio soixante quatre, case neuf , signé : L. Drevon la dame
1410 931 3563 1054 veuve Ribon et Duchesne ne comparurent pas. A l’appel de la cause
1382 1034 3555 1149 les époux Maillot comparurent er conclurent à ce qu’il plut au Bureau
1379 1149 3573 1267 Général dudit Conseil donner défaut contre la veuve Ribon et Duchesne
1387 1259 3591 1364 non comparants ni personne pour eux quoique dument appelés ; Et pour
1369 1351 3566 1466 le profit du dit défait les condamner à leur payer solidairement et
1379 1469 3578 1559 avec intérêts suivant la loi la somme de cinquante trois francs trente
1346 1574 3584 1676 cinq centimes qu’ils leur doivent pour prix de travaux faits par la dame
1361 1674 3589 1774 Maillot pour leur compte et d’après leurs ordres, plus un indemnité
1338 1781 3586 1876 pour le préjudice de perte de temps qu’ils leur ont fait éprouver en ne comparant
1369 1879 3599 1984 pas devant les Bureaux du Conseil et les dépens. Point de droit - Devait-on
1356 1994 3599 2094 donner défaut contre la veuve Ribon et la dame Duchesne non comparants
1361 2112 3601 2209 ni personne pour eux quoique dument appelés et pour le profit adjuger
1364 2209 3596 2314 aux demandeurs les conclusions par eux précédemment prises ? Que
1356 2309 3601 2416 devait-il être statué à l’égard des dépens ? Après avoir entendu les époux
1359 2411 3607 2536 Maillot en leurs demandes et conclusions et en avoir délibéré conformément
1351 2531 3622 2641 à la loi ; attendu que la demande des époux Maillot parait juste et fondée ;
1344 2631 3635 2762 Que d’ailleurs elle n’est pas contestée par les défendeurs non comparants
1346 2744 3627 2882 ni personne pour eux quoique dument appelés ; attendu qu’en ne
