4608 3072
1433 304 3522 391 Condamner Cahen frères à lui payer avec intérêts suivant la loi
1420 373 3520 486 la somme de cent soixante deux francs se composant de celle
1397 471 3527 588 de Cinquante francs pour diverses fournitures et façons qu'il a
1410 578 3514 683 payées pour leur compte et de celle de Cent douze francs à
1420 668 3504 793 titre d'indemnité de renvoi instantané et sans motif et les
1415 773 3517 890 condamner en outre aux dépens. De leur coté Cahen frères se
1415 872 3517 985 présentèrent par l'un d'eux lequel conclut à ce qu'il plut au
1438 965 3537 1090 Bureau Général dudit Conseil Attendu qu'ils ne doivent rien
1413 1067 3530 1190 à Ecot soit au titre d'avances par lui faites soit pour salaire
1415 1164 3520 1290 Attendu qu'ils consentent à le laisser jouir du local dans lequel
1408 1259 3504 1390 il est installé jusqu'au huit Juillet prochain ; Attendu que
1408 1361 3512 1492 s'ils l'ont remercié en ne le prévenant que huit jours à l'ava
1405 1469 3504 1592 c'est que soit par incapacité, négligeance ou malveillance
1408 1564 3499 1694 il leur a fait perdre pour environ douze mille francs de
1405 1666 3545 1792 matières pendant les quelques mois qu'il a dirigé leur fabrique ;
1402 1758 3509 1896 que d'ailleurs ce délai de huit jours est suffisant et conforme à
1408 1868 3504 1996 ce qui est généralement fait dans la fabrique de Chapellerie ;
1379 1971 3514 2101 Par ces motifs — Le Bureau Déclarer Ecot non recevable
1408 2068 3517 2201 en ses demandes ; l'en d'ébouter comme mal fondé en icelle et
1395 2152 3507 2298 le Condamner aux dépens. Point de droit — Doit on condamner
1402 2263 3507 2398 Cahen frères à payer à Ecot la somme de cent soixante deux
1408 2355 3502 2503 francs pour avancer faites pour payer des francs et pour
1423 2457 3471 2600 indemnité de renvoi instantané ? Doit on dire que les
1415 2557 3489 2698 dits Cahen frères seront tenus de laisser Ecot jouir jusqu'au
1415 2641 3504 2803 huit Juillet prochain du local dépendant de leur fabrique dans
1402 2734 3491 2903 lequel il est installé ? Ou bien doit-on dire que Cohen frères
1405 2846 3481 3005 ne doivent rien à Ecot à titre d'avances qu'il aurait faites à
