4608 3072
1359 1088 3504 1192 les Bureaux du Conseil et les dépens. Point de droit - Devait-on
1364 1190 3491 1305 donner défaut contre Brision non comparant ni personne pour
1359 1282 3517 1397 lui quoique dument appelé et pour le profit le condamner à lui payer
1359 1384 3545 1487 avec intérêts suivant la loi la somme, adjuger au demandeur les conclusions
1361 1495 3535 1584 par lui précédemment prises ? Que devait-on statuer à l’égard
1356 1582 3535 1687 des dépens ? Après avoir entendu Bénard en ses demandes et conclusions
1354 1674 3540 1786 et en avoir délibéré conformément à la loi ; attendu que la demande
1361 1784 3568 1902 de Bénard parait juste et fondée ; que d’ailleurs elle n’est pas contestée
1343 1915 3576 1988 par Brision non comparant ni personne pour lui quoique dument
1351 1991 3553 2091 appelé ; attendu qu’en ne comparaissant pas devant les Bureaux
1364 2099 3532 2181 du Conseil Brision a causé à Bénard un préjudice de perte de temps,
1344 2199 3566 2288 ce qu’il doit réparer ; Par ces motifs - Le Bureau Général jugeant
1341 2296 3560 2401 en dernier ressort - Donne défaut contre Brision non comparant
1346 2396 3517 2503 ni personne pour lui quoique dument appelé ; Et adjugeant le
1338 2480 3571 2603 profit du dit défaut ; condamne Brision à payer
1354 2585 3537 2698 avec intérêts suivant la loi à Bénard la somme de cent trente francs
1336 2708 3558 2867 qu’il lui doit pour prix d’un mois de travail qu’il a fait dans ses
