3072 4608
833 326 2960 430 agit comparut. A l'appel de la cause la demoiselle suellinckx
741 372 2991 537 se présenta et conclut à ce qu'il plut au Bureau Général du dit conseil
833 468 2983 622 Dire et ordonner que dans le jour du jugement à intervenir Bedouin
825 560 2999 729 sera tenu de faire rentrer sa fille Louise dans ses ateliers pour y continuer
806 668 2972 810 son apprentissage aux termes de conventions verbales en date de
791 756 2956 917 Juillet mil huit cent cinquante sept qui en fixèrent la durée à
794 860 2964 1025 cinq années, sinon et faute par lui de ce faire le condamner dès
791 956 2976 1117 à présent à lui payer avec intérêts suivant la loi la somme de cent
791 1056 2991 1228 trente francs à titre de dommages-intérêts et le condamner aux dépens
794 1155 2991 1328 De son coté Bédouin se présenta et conclut à ce qu'il plut au Bureau
798 1267 2976 1428 Général dudit Conseil attendu qu'il n'y a pas placé sa fille pour cinq
779 1374 2979 1524 années chez la demanderesse; que sur sa demande il a consenti à lui
768 1470 2987 1631 confier deux de ses filles pour un temps indéterminé, ce qui est prouvé
779 1574 2987 1735 par la conduite de la demoiselle suellinckx, qui s'est trouvée si peu
764 1678 2972 1827 liée qu'elle lui a remis, fin avril dernier l'aînée, sans aucun autre
752 1774 2945 1939 motif que celui né d'un caprice ; Par ces motifs — Déclarer la
752 1889 3002 2050 demoiselle suellinckx non recevable en ses demandes, l'en déboute
764 1996 2987 2142 et la condamner aux dépens ? Point de droit — Doit-en dire et ordonner
764 2104 2983 2254 que dans le jour du jugement à intervenir Bedouin sera tenu de faire
756 2208 2991 2353 rentrer sa fille chez la demanderesse pour y continuer son apprentissage
748 2311 2976 2449 pendant cinq années aux termes de conventions verbales intervenues
744 2419 2991 2588 en Juillet mil huit cent cinquante sept? Ou bien doit-on, conformément
744 2530 2987 2680 aux conclusions de Bedouin dire que ces conventions verbales n'ont
92 2618 2945 2784 quatre mots rayés pas existés dans les termes posés par la demanderesse; que les
752 2734 2956 2883 parties n'étant nullement engagées pour un temps plus ou moins
760 2837 2972 2991 long elles restaient libres de remettre ou retirer les apprenties à leur
721 2945 2983 3091 gré en conséquence Déclarer la demoiselle suellinckx non recevable
733 3041 2968 3194 en ses demandes, l'en débouter comme malfondée en icelles ? Que
744 3148 2933 3298 doit-il être statué à l'égard des dépens ? Après avoir entendu les
744 3260 2991 3406 parties en leurs demandes et conclusions respectivement et en avoir
729 3356 2964 3517 délibéré Conformément à la loi attendu que des dires et explications
737 3467 2933 3628 des parties il résulte que les conventions verbales d'apprentissage dont
737 3571 2960 3728 la demanderesse invoque le bénifice n'ont assigné aucune durée
744 3671 2968 3839 à l'apprentissage des mineures Bédouin, que les parties restaient
721 3790 2952 3943 maitres de la continuer ou faire cesser à leur gré, que cette disposition
718 3882 2949 4055 des dites Conventions verbales a été confirmée par ce fait de le demanderesse
702 3993 2849 4162 qui, huit jours avant que Bedouin pensa à retirer la  plus jeune de
729 4089 2949 4250 ses deux filles, avait elle même renvoyée l'aînée chez ses parents, qu'il
683 4193 2941 4362 s'en suit qu'il n'y a lieu à admettre les prétentions de la demanderesse
698 4289 2803 4462 Suellinckx ; Par ces motifs le Bureau Général jugeant en
679 4396 2626 4588 premiers ressort, Déclare la demoiselle suellinckx
