3072 4608
691 218 2680 357 non comparant ni personne pour lui quoique dument appelé ;
675 284 2718 430 Et adjugeant le profit du dit défaut, condamne Kirsch-Gervaise
675 372 2722 518 à payer avec intérêts suivant la loi à Ballin la somme de Trente francs
675 460 2745 614 qu'il lui doit pour prix de travaux par lui faits pour son compte, d'après
675 556 2764 702 ses ordres et dans ses ateliers, plus une indemnité de six francs pour
675 641 2741 787 temps perdu ; Le condamne en outre aux dépens taxé et liquidés envers
695 737 2741 875 le demandeur à la somme de un franc vingt centimes et à celle de
698 825 2757 971 Soixante quinze Centimes envers le Trésor Public pour le papier timbré
683 917 2768 1063 de la présente minute conformément à la loi du sept août mil huit
679 1013 2776 1155 Cent Cinquante, ence, non compris le cout du présent jugement, la
675 1102 2741 1240 signification d'icelui et ses suites. Et vu les articles 437 du code
660 1198 2764 1340 de procédure civile, 27et 42 du décret du onze juin 1809 pour signifier
664 1290 2768 1443 au défendeur le présent jugement, commet Potin, l'un de ses huissiers
695 1393 2576 1566 audienciers. Ainsi jugé les jour mois et an que dessus.
1363 2165 2112 2284 Dudit jour quatre Juin
679 2250 2718 2373 Entre Monsieur Joseph Simon, brodeur pour uniformes
683 2357 2726 2472 demeurant et domicilié à Paris, Boulevart de Sébastopol,
675 2457 2791 2572 numéro Vingt trois ; Demandeur ; Comparant ; D'une part ;
672 2553 2795 2661 Et Madame Veuve Doré, demeurant à Plaisance, commune
664 2645 2799 2757 de Vaugirard, rue de vauves, numéro soixante Cinq, agissant au
652 2753 2818 2849 nom et comme chargée de l'administration de la personne et des biens de sa
664 2837 2818 2956 fille mineure Emelie Doré, apprentie ; Défenderesse ; Comparant ;
633 2933 2803 3048 D'autre part ; Point de fait — Par lettre du secrétaire du Conseil
668 3033 2784 3156 de Prud'hommes du Département de la Seine pour l'industrie des tissus
656 3137 2791 3248 en date du mardi vingt cinq Mai mil huit cent cinquante huit Simon
672 3229 2810 3340 fit citer la dame veuve Doré, ès noms et qualités qu'elle agit, à comparaître
660 3321 2791 3436 par devant le dit Conseil de Prud'hommes séant en Bureau Particulier
645 3425 2818 3536 le samedi vingt neuf Mai mil huit cent cinquante huit pour se
610 3517 2833 3632 concilier si faire se pouvait sur la demande qu'il entendait former
664 3613 2810 3740 contre elle devant le dit conseil en éxécution de Conventions verbales
664 3717 2799 3828 d'apprentissage . A l'appel de la cause Simon se présenta et exposa
672 3805 2680 3935 au Conseil que suivant conventions verbales d'apprentissage
648 3897 2776 4039 intervenues entre lui et la veuve Doré le dix huit Novembre
625 4012 2807 4177 mil huit Cent Cinquante six la dite dame Doré a placé chez lui la
