4608 3072
1139 104 4011 220 de la Seine  pour l’industrie des tissus séant en bureau particulier le
1111 222 4067 340 lundi trente novembre mil huit cent cinquante sept pour se
1103 348 4003 481 concilier si faire se pouvait sur la demande qu’ils entendaient former
1136 486 4011 606 contre lui devant le dit Conseil en exécution de convention verbale
1113 614 4001 744 d’apprentissage consentie pour trois années du temps de sa fille à
1136 744 4011 880 partir  du premier septembre mil huit cent sept.
1108 890 4044 1011 A l’appel de la cause les époux Didier se présentèrent et exposèrent que
1141 1006 4039 1159 suivant convention verbale en date du premier septembre dernier la
1118 1159 4047 1318 mineure Elisa Vieille leur fut donnée en apprentissage par son père
1128 1318 4067 1436 pour trois année : les deux premières année sans outre charges
1146 1438 4085 1566 pour les époux de lui enseigner la profession d’ouvriers fleuriste et
1128 1569 4075 1728 la troisième année l’apprentie devait etre nourrie et couchée
1126 1712 4090 1848 chez eux. De son coté Viéville dit connaitre au Conseil qu’à la
1098 1853 4098 1989 vérité il a placé sa fille pour trois année, moyennant la nourriture
1088 2012 4108 2132 pendant toute la durée de la troisième année mais qu’il n’a jamais
1077 2117 4113 2278 consenti à la laisser coucher ; qu’à la condition qu’elle  reviendra coucher
1062 2278 4108 2429 chez lui consentir à lui laisser terminer son apprentissage.
1116 2437 4126 2570 Le bureau fit d’avis que l’apprentissage de la mineure Vieille
1139 2570 4131 2708 devait se continuer, l’apprentie retournant chez lui tous les soirs
1139 2721 4136 2862 et se rendant tous les matins à l’atelier à l’atelier à l’heure ordinaire de
1118 2859 4157 3010 l’ouverture. Les parties ayante accepté cette proposition de conciliation
