3072 4608
764 464 2741 560 Commet Fontaine, l’un de ses huissiers audienciers. Ainsi
748 529 2054 679 jugé les jour mois et an que dessus.
1355 1240 2039 1367 Du jour huit Janvier
744 1317 2776 1455 Entre Monsieur Louis  Damourette, agissant au nom et comme
710 1416 2722 1536 chargé de l’administration des biens et de la personne de sa fille
706 1497 2730 1631 mineure Maria Damourette, ouvrière demeurant le dit
698 1585 2722 1724 Damourette, à Paris, rue Saint Lazare, numéro cent six ;
695 1678 2726 1808 Demandeur ; Comparant ; D’une part ; et Monsieur
698 1762 2768 1908 et Madame Furstenorff, le dit sieur Furstenorff tant en son
710 1866 2768 1992 nom personnel que pour assister et autoriser la dame son épouse
679 1946 2776 2085 fabricante de fleurs artificielles, domiciliés à Paris, même adrese
691 2054 2764 2169 que dessus rue de Choiseul, numéro premier ; Défenseurs ;
683 2135 2749 2269 Défaillant ; D’autre part ; Point de fait – Par lettre du
691 2231 2784 2357 secrétaire du Conseil de Prud’homme du Département de la Seine
675 2327 2768 2453 pour l’industrie du tissus, en date des vingt un Décembre mil huit
672 2423 2730 2545 cent cinquante sept Damourette es noms qu’il agit fit citer
679 2515 2749 2638 les époux Firstenorff à comparaitre par devant le conseil de
672 2607 2753 2741 Prud’hommes séant le mardi vingt deux Décembre pour se
652 2707 2741 2830 concilier si faire se pouvait sur la demande qu’elle entend former
664 2803 2776 2918 contre eux devant le dit conseil en paiement de la somme de trente
656 2895 2768 3014 sept francs quarante centimes qu’il prétend lui être due pour travaux
641 2983 2768 3110 de sa fille pour leur compte et d’après leurs ordres. A l’appel de la
645 3083 2772 3210 cause Damourette se présenta et exposa que les époux Furstenorff
656 3183 2699 3298 étaient débiteur de la somme de trente sept francs quarante
648 3275 2795 3409 centimes envers sa fille pour travaux par elle faits ? La dame Furstenorff
641 3383 2764 3490 @@@&@se présenta et exposa au Conseil qu’ayant payé la demoiselle
629 3475 2780 3594 Damourette lors de son départ chez elle elle n’était nullement
614 3563 2764 3694 redevable de la somme réclamée. La cause en cet état fut ajournée
622 3663 2780 3797 au Mercredi vingt trois Décembre pour procéder à la vérification
629 3767 2776 3889 des livres des époux Furstenorff. A l’appel de la cause le vingt
625 3866 2772 3985 trois Décembre la dame Furstenorff ne put présenter de
614 3970 2768 4070 livres mais persista dans sa déclaration première en ajoutant
610 4058 2780 4181 que la somme réclamée semblait porter sur un travail qui ne devait
606 4158 2680 4339 pas être payé à l’ouvrière puisqu’effectué en morte saison,
