4608 3072
1894 243 2941 330 Du dit jour vingt neuf Janvier
1064 309 3568 445 Entre Monsieur Hermann Denhard, ouvrier demeurant à
1054 417 3458 547 Paris, rue du Harlai, numéro six au marais ; Demandeur ;
1034 512 3609 680 Comparant ; D’une part ; et Monsieur Roguer, Tapissier, demeurant
1034 650 3520 780 et domicilié à Paris, rue du point aux Champs, numéro treize ;
1024 750 3599 898 Défendeur ; Défaillant ; D’autre part ; Point de fait –
1044 888 3640 1031 Par lettre du secrétaire du Conseil de Prud’hommes du Département
1026 1003 3624 1136 de la Seine pour l’industrie du tissus en date des Mardi cinq et
1018 1118 3648 1264 Mercredi six Janvier mil huit cent cinquante huit Denhard fit
1013 1246 3650 1377 citer Roguer à comparaitre par devant le dit Conseil séant en Bureaux
1018 1369 3642 1492 Particuliers les Mercredi six, Samedi seize et lundi dix huit Janvier
1016 1500 3658 1612 mil huit cent cinquante huit pour se concilier si faire se pouvait sur
995 1617 3655 1738 la demande qu’il entendait former contre lui devant le dit Conseil
995 1758 3665 1868 en paiement de la comme de quatorze francs qu’il doit pour
1008 1876 3678 1986 prix de travaux par lui faits pou son compte, d’après ses ordres
1021 2007 3650 2112 et dans ses ateliers. Roguer n’ayant pas comparu la cause fut
1011 2129 3681 2240 renvoyée devant le Bureau Général du dit Conseil séant le
993 2252 3686 2365 vingt deux Janvier mil huit cent cinquante huit et ajourné au Vendredi
962 2375 3678 2501 vingt neuf Janvier même mois. Cité à comparaître le dit jour vingt
972 2496 3696 2626 neuf Janvier par exploit de Fontaine, huissier à Paris, en date du
988 2664 3696 2775 vingt cinq janvier mil huit cent cinquante huit, vis » pour timbre
1008 2767 3709 2890 et enregistré à Paris, le vingt six Janvier mil huit cent cinquante
988 2900 3686 3020 huit, en délier de soixante dix centimes, folio cinquante trois,
