4608 3072
640 1011 1374 1095 Dire en outre que le
652 1080 1392 1169 jugement à intervenir sera
588 1152 1377 1233 exécutaire par provision
622 1213 1361 1297 nonobstant appel et sans
634 1280 1387 1369 qu'il soit besoin pour eux de
637 1341 1415 1443 fournir caution, conformément
652 1420 1361 1518 à la loi du premier juin
627 1492 1377 1587 mil huit cent cinquante trois
683 1571 1287 1689 renvoi approuvé
1428 747 3824 880 du dit Conseil donner défaut contre la veuve Bouquet ès nom qu’elle
1433 849 3816 995 agit, non comparante ni personne pour elle quoique dument appelée
1423 962 3824 1100 et pour le profit résilier la convention verbale d’apprentissage
1428 1088 3827 1208 du quinze octobre mil huit cent cinquante six ; Et pour le tort que
1425 1190 3829 1341 leur cause cette résiliation condamner la veuve Bouquet à leur
1415 1323 3842 1428 payer intérêts suivant la loi la somme de trois cents francs, et la condamne
1415 1428 3857 1548 en outre aux depens. Point de droit ) Devait-on donner défaut contre
1415 1556 3847 1653 la veuve Bouquet non comparante et personne pour elle quoique dument
1418 1696 3849 1776 appelée et pour le profit adjuger au demandeurs les conclusions par
1418 1810 3843 1888 eux précédemment prises ? Que devait-il être statué à l’egard des
1418 1929 3848 2007 dépens ? Après avoir entendu les époux Yékiche en leurs demandes et
1418 2044 3867 2124 conclusions et en avoir délibéré conformément à la loi ; attendu que la
1415 2147 3865 2255 demande des époux Yékiche parait juste et donnée ; que d’ailleurs elle n’est
1415 2252 3868 2380 pas contestée par la veuve Bouquet non comparant ni personne pour elle
1415 2378 3865 2488 quoique dument appelé ; Par ces mots - Le Bureau Général jugeant en
1415 2490 3868 2603 premier ressort ; donne défaut contre la veuve Bouquet non comparante
1415 2616 3886 2718 ni personne pour elle quoique dument appelée ; Et adjugeant le profit
1418 2767 3884 2862 du dit défaut ; Dit et ordonne que dans les vingt quatre heures de la
