4608 3072
460 857 1118 942 ci-devant rue saint
442 911 1221 1016 Nicolas d’Antin, numéro
448 1003 939 1088 quarante deux
394 1776 1249 1876 visé pour timbre et enregistré à
386 1914 1249 2019 mil huit cent cinquante huit,
399 1840 1192 1955 Paris, le vingt huit Janvier
389 1963 1226 2091 folio 16, case 4, verso
412 2037 1182 2147 délier un franc soixante centimes,
384 2211 1054 2350 signé L. Drevon
2032 279 3023 386 Du dit jour vingt neuf Janvier
1274 345 3783 496 Entre mademoiselle Madeleine Ravel, ouvrière, demeurant à
1269 476 3801 611 Paris, passage du soleil, numéro seize ; Demanderesse ;
1249 588 3814 734 Comparant ; D’une part ; Et Mademoiselle Marie Mérel,
1249 711 3814 855 lingère, demeurant et domiciliée à Paris rue de Provence, numéro
1272 819 3814 983 soixante onze ; Defenderesse ; Défaillante ; D’autre part ;
1249 934 3832 1100 Point de fait - Par lettre du secrétaire du Conseil de prud’hommes
1264 1072 3829 1221 du département de la seine pour l’industrie des tissus en date du
1249 1182 3834 1349 lundi mil huit cent cinquante huit la demoiselle Ravel
1249 1308 3840 1472 fit citer la demoiselle à comparaitre par-devant Mérel à comparaître
1249 1425 3857 1589 par devant le dit Conseil séant en Bureau Particulier le mardi dix neuf
1249 1541 3840 1720 Janvier mil huit cent cinquante huit pour se concilier si faire se pouvait
1249 1674 3834 1843 sur la demande qu’elle entendait former  contre elle devant le dit conseil
1249 1799 3829 1968 en déclaration de jugement commun entre elle et le sieur Mérel
1280 1922 3865 2091 Fontaine. La demoiselle Mérel n’ayant pas comparu la cause fut renvoyé
1249 2032 3860 2214 devant le Bureau Général du dit Conseil séant le vendredi vingt deux
1249 2176 3857 2347 janvier mil huit cent cinquante huit et ajournée au vendredi vingt
1249 2306 3870 2470 neuf janvier même mois. Suivant exploit de Fontaine, huissier
1249 2434 3875 2600 pour le tribunal civil de premier instance de la seine, audiencier
1249 2552 3870 2800 aux Conseil de prud’hommes de la Seine, la demoiselle Ravel  fit
