3072 4608
1543 234 1950 334 Audience
1720 307 1823 384 Du
848 353 2722 537 Vendredi quatre Juin mil huit cent cinquante huit
833 453 2768 629 siégeaient : Messieurs Larouette, vice Président du Conseil
802 533 2764 718 de Prud'hommes du Département de la Seine pour l'industrie
814 629 2757 806 des tissus, Présidant l'audience en remplacement de Monsieur
806 718 2737 890 Biétry, officier de la Légion d'honneur, empêché pour
806 814 2722 1002 cause légitime, Adolphe Michel, Mariénval, Dubosc
794 902 2714 1144 et Soutaq, Prud'hommes assistés de Monsieur Lecucq
794 1002 1720 1128 secrétaire du dit Conseil
787 1274 2684 1447 Entre Mademoiselle Aimée Wéber, fille majeure,
768 1370 2753 1532 ouvrière, demeurant à Paris, passage Vendôme, numéro Trente
760 1459 2760 1639 sept ; Demanderesse ; Comparant ; D'une part ; Et Monsieur
771 1559 2734 1727 et Madame Deluc, le dit sieur Deluc tant en son nom
744 1655 2753 1812 personnel que pour assister et autoriser la dame son épouse
752 1743 2753 1919 fabricante demodes, demeurant et domiciliés, ensemble, les dits
733 1847 2737 2004 époux à Paris, Place Royale, numéro Vingt un ; Défendeurs ;
729 1931 2726 2104 Défaillant ; D'autre part ; Point de fait- Par lettres du
741 2031 2737 2192 Secrétaire du Conseil de Prud'hommes du Département de la
744 2123 2741 2284 Seine pour l'industrie des tissus en dates des Jeudi vingt sept
725 2223 2730 2384 et Samedi vingt neuf Mai mil huit cent cinquante huit
698 2311 2726 2476 la demoiselle Weber fit citer les époux Deluc à comparaître
718 2415 2768 2565 par devant le dit Conseil de Prud'hommes du Département de
710 2511 2737 2661 la Seine pour se concilier si faire se pouvait sur la demande qu'elle
710 2607 2714 2753 entendait former contre eux devant le dit Conseil en paiement de
718 2703 2714 2845 la somme de Vingt deux francs Cinquante Centimes Trente centimes
691 2791 2718 2949 qu'ils lui doivent pour prix de ses travaux et en restitution d'une robe
637 2887 2695 3037 qu'ils lui retiennent indument . Les époux Deluc n'ayant pas
702 2979 2707 3125 comparu la cause fut renvoyée devant le Bureau Général du
691 3075 2768 3217 dit Conseil séant le vendredi quatre Juin mil huit cent cinquante
687 3164 2714 3306 huit. Cités pour le dit jour quatre Juin par lettre du secrétaire du
687 3252 2726 3409 Conseil en date du Lundi trente un mai mil huit Cent Cinquante huit
664 3348 2707 3505 les époux Deluc ne comparaient pas. A l'appel de la cause
675 3448 2707 3586 la demoiselle Weber se présenta et conclut à ce qu'il plut au Bureau
668 3536 2688 3678 Général du dit Conseil autoriser la dame Déluc à citer en
668 3640 2707 3782 justice faute par son mari de l'avoir fait ; Donner défaut contre
683 3740 2691 3870 les époux Deluc non comparants ni personne pour eux
656 3824 2668 3966 quoique dûment appelés et pour le profit Condamner les époux
672 3924 2684 4093 Deluc à lui payer avec intérêts suivant la loi la somme de
