3072 4608
756 349 2757 449 Déclarer la demoiselle Leflesselle non recevable en ses demandes
733 426 2741 529 en paiement de la somme de quatre cent vingt huit francs et en
710 510 2718 614 indemnité ? Que doit il être statué à l'égard des dépens ? Après
752 599 2734 706 avoir entendu la demoiselle Leflesselle et la demoiselle
768 687 2753 798 Caron en leurs demandes et conclusions respectivement et en
756 775 2776 883 avoir délibéré Conformément à la loi ; attendu que Lequine ne comparait
741 871 2730 983 pas ni personne pour lui quoique dument appelé ; attendu qu'il
752 952 2753 1071 résulte de l'audition des parties à l'audience que des conventions
764 1056 2772 1159 verbales sont intervenues le huit avril mil huit cent cinquante sept
771 1144 2764 1248 entre la demoiselle Leflesselle, d'une part, et la demoiselle Caron et
768 1240 2791 1336 Lequine, ce dernier comme se portant fort du paiement du prix de
791 1328 2734 1428 l'apprentissage qui était fixé à la somme de soixante quinze
775 1405 2784 1524 francs parmis, y compris celle de quinze francs applicable au
775 1497 2784 1620 prix de l'instruction intelectuelle des mineures Ernestine et Zoé Caron ;
768 1601 2780 1704 qu'aux termes des dites Conventions verbales la durée de l'apprentissage
779 1685 2799 1800 était fixée à deux années ; Attendu qu'il est constant que la demoiselle
775 1766 2737 1896 Caron et Lequine ont retiré les deux apprenties après treize mois
775 1858 2753 1996 d'éxécution des dites conventions alors qu'ils restaient débiteurs de
794 1954 2749 2085 la demoiselle Leflesselle de la somme de Quatre Cent vingt
783 2039 2795 2181 huit francs ; Mais attendu qu'il est également Constant que
783 2131 2745 2269 pendant tout le temps que les mineures Caron sont restées
787 2223 2730 2369 chez la demoiselle Leflesselle ils n'y ont pas reçu les leçons
768 2327 2826 2457 qu'elle s'était engagée à leur donner ou faire donner d'une manière
794 2411 2791 2553 sérieuse et régulière, qu'il s'en suit que des quatre Cent vingt
794 2503 2799 2645 huit francs qui lui sont dus par les défenseurs il Convient
794 2592 2799 2737 d'en retrancher les treize Qinze francs qui devaient lui être
802 2684 2795 2849 payés pour cet objet, et ce à partir du jour de l'entrée des
806 2780 2791 2941 apprenties dans ses ateliers ; que surplus étant applicable au
806 2868 2764 3022 paiement de la nourriture doit lui être payer intégralement ;
806 2972 2776 3118 attendu que la demoiselle Leflesselle n'a pas rempli toutes les
810 3060 2830 3202 Conditions qui faisaient parties des conventions verbales d'apprentissage
791 3148 2822 3306 la demoiselle Caron et Lequine doivent autorisés à n'y pas donner
806 3248 2856 3390 suite sans qu'ils soient tenues, vis à vis de la demanderesse à aucune
806 3340 2845 3494 indemnité ; Par ces motifs — Le Bureau Général jugeant
821 3425 2833 3601 en premier ressort ;  Donne défaut contre Lequine non
794 3536 2845 3686 Comparant ni personne pour lui quoique dument appelé ;
814 3628 2864 3778 Et adjugeant le profit dudit défaut Condamne la demoiselle
848 3705 2807 3863 Caron et Lequine à payer avec intérêts suivant la loi à la
837 3797 2868 3962 demoiselle Leflesselle la somme de deux cent Trente Trois
821 3916 2864 4055 francs qu'ils lui redoivent pour la nourriture données au mineures
821 3997 2876 4193 Ernestine et Zoé Caron pendant l'espace de treize mois qu'elles
