<?xml version="1.0" encoding="UTF-8"  standalone="yes"?>
<PcGts xmlns="http://schema.primaresearch.org/PAGE/gts/pagecontent/2019-07-15" xmlns:xsi="http://www.w3.org/2001/XMLSchema-instance" xsi:schemaLocation="http://schema.primaresearch.org/PAGE/gts/pagecontent/2019-07-15 http://schema.primaresearch.org/PAGE/gts/pagecontent/2019-07-15/pagecontent.xsd">
  <Metadata>
	<Creator>escriptorium</Creator>
	<Created>2021-01-21T17:55:09.735219+00:00</Created>
    <LastChange>2021-01-21T17:55:09.735242+00:00</LastChange>
  </Metadata>
  <Page imageFilename="PH 1858-528.jpg" imageWidth="3072" imageHeight="4608">

    

    
    <TextRegion id="eSc_dummyblock_">
    
    
      <TextLine id="r5l1" >
        <Coords points="741,368 744,337 825,326 902,326 921,341 959,326 1125,326 1140,345 1232,326 1248,349 1313,326 1401,341 1474,326 1655,341 1697,330 1720,353 1835,360 1904,360 1935,337 1996,360 2042,337 2077,368 2208,372 2338,372 2380,353 2403,376 2511,376 2534,357 2561,376 2599,353 2626,380 2680,353 2691,414 2611,453 2530,453 2449,449 2434,433 2369,449 2165,426 2042,441 2000,418 1900,437 1793,410 1712,426 1670,410 1635,426 1574,407 1543,426 1428,426 1390,410 1336,418 1317,399 1259,399 1232,418 1155,395 1056,414 1032,391 948,391 933,407 902,391 860,410 833,387 744,391"/>
        <Baseline points="744,369 841,369 939,371 1036,373 1134,375 1231,379 1329,383 1426,388 1524,392 1621,398 1719,402 1816,407 1914,411 2011,414 2109,417 2206,420 2304,422 2401,423 2499,422 2596,420 2694,417"/>
        <TextEquiv>
          <Unicode>vingt deux francs trente centimes qu&#39;il lui doivent pour prix de </Unicode>
        </TextEquiv>
      </TextLine>

    
    
      <TextLine id="r5l2" >
        <Coords points="733,460 741,395 771,391 829,391 860,418 898,399 1002,395 1048,430 1071,414 1094,430 1128,399 1190,407 1221,430 1274,403 1509,441 1601,418 1624,441 1681,445 1739,414 1812,414 1873,449 1973,453 2046,453 2085,433 2127,456 2161,456 2181,437 2215,456 2288,433 2338,460 2411,433 2465,464 2557,464 2580,449 2622,464 2649,437 2688,437 2726,460 2734,510 2711,537 2680,537 2657,518 2618,529 2557,514 2430,533 2400,518 1812,518 1758,495 1658,510 1639,491 1555,510 1355,503 1340,483 1236,503 1040,476 959,491 944,476 875,487 860,472 737,483"/>
        <Baseline points="734,462 834,462 934,464 1034,465 1134,468 1234,471 1334,474 1434,478 1534,482 1634,486 1735,491 1835,495 1935,498 2035,502 2135,506 2235,509 2335,511 2435,513 2535,515 2635,515 2736,513"/>
        <TextEquiv>
          <Unicode>travaux par elle faits pour leur Compte, sur leurs ordres et dans leurs </Unicode>
        </TextEquiv>
      </TextLine>

    
    
      <TextLine id="r5l3" >
        <Coords points="729,549 737,514 779,479 952,483 967,499 1006,483 1140,487 1198,522 1224,499 1259,518 1297,491 1328,518 1413,510 1447,533 1482,533 1532,503 1601,537 1731,503 1877,545 1977,518 2042,549 2177,533 2204,552 2257,537 2273,552 2453,560 2499,560 2534,526 2595,526 2730,564 2737,602 2703,625 2676,606 2592,602 2453,622 2288,614 2273,599 2223,614 2112,599 1777,602 1716,583 1647,599 1612,579 1317,591 1263,568 1155,579 1109,564 1032,576 1009,560 967,579 844,576 825,556 733,576"/>
        <Baseline points="732,551 832,552 932,554 1033,555 1133,558 1233,560 1334,564 1434,567 1534,571 1635,575 1735,579 1835,583 1936,587 2036,590 2136,593 2237,596 2337,599 2437,600 2538,602 2638,603 2739,603"/>
        <TextEquiv>
          <Unicode>ateliers ; Dire et ordonner que dans le jour du jugement à intervenir </Unicode>
        </TextEquiv>
      </TextLine>

    
    
      <TextLine id="r5l4" >
        <Coords points="733,637 741,583 779,568 990,595 1059,572 1105,606 1248,610 1309,610 1344,583 1374,606 1436,583 1489,610 1532,583 1643,591 1662,610 1701,595 1724,606 1747,587 1804,622 1881,622 1919,599 1950,625 2008,625 2039,602 2062,625 2115,629 2181,599 2204,622 2273,602 2304,633 2419,637 2472,637 2534,606 2603,637 2630,618 2734,618 2745,683 2688,698 2542,683 2430,710 2407,691 2246,706 2077,698 2035,679 1950,695 1870,675 1758,695 1689,672 1662,691 1547,672 1251,683 1205,652 1044,648 979,672 956,648 902,645 737,660"/>
        <Baseline points="735,638 835,639 936,641 1036,643 1137,645 1238,648 1338,651 1439,655 1540,658 1640,661 1741,664 1842,668 1942,671 2043,674 2144,677 2244,678 2345,681 2446,683 2546,684 2647,684 2748,684"/>
        <TextEquiv>
          <Unicode>les dits époux Déluc seront tenus de lui restituer une robe qu&#39;ils </Unicode>
        </TextEquiv>
      </TextLine>

    
    
      <TextLine id="r5l5" >
        <Coords points="737,725 744,668 760,679 783,656 910,656 979,675 1009,660 1063,687 1178,683 1232,664 1267,698 1378,683 1409,702 1493,702 1551,675 1608,706 1674,706 1693,691 1747,706 1793,679 1870,679 1912,710 2019,683 2069,718 2242,721 2361,691 2403,725 2476,721 2519,695 2653,698 2684,729 2722,729 2730,771 2718,791 2615,783 2568,798 2534,779 2453,779 2423,798 2380,779 2346,802 2300,802 2280,783 2238,806 2142,802 2115,775 2073,798 2023,775 1919,787 1900,771 1873,794 1739,794 1704,791 1678,764 1620,791 1539,764 1416,787 1355,752 1267,775 1236,756 1163,752 1140,775 1113,748 1009,775 986,752 944,760 929,744 894,764 844,744 825,760 741,744"/>
        <Baseline points="738,728 837,729 937,730 1037,732 1137,734 1236,737 1336,740 1436,743 1536,747 1635,750 1735,754 1835,758 1935,761 2034,764 2134,767 2234,768 2334,771 2433,773 2533,773 2633,773 2733,773"/>
        <TextEquiv>
          <Unicode>lui retiennent indument, sinon et faute par eux de faire dans le dit </Unicode>
        </TextEquiv>
      </TextLine>

    
    
      <TextLine id="r5l6" >
        <Coords points="752,817 760,787 794,771 840,787 871,756 929,783 952,764 1006,783 1071,764 1205,764 1244,787 1278,768 1397,768 1432,798 1559,771 1608,806 1662,779 1689,806 1758,810 1854,806 1919,779 1950,802 2035,783 2092,817 2296,821 2369,791 2434,821 2476,802 2499,825 2522,810 2545,825 2626,810 2657,829 2684,810 2737,829 2745,863 2726,890 2668,875 2622,898 2576,871 2519,871 2480,894 2453,871 2277,890 2246,871 2231,887 2104,887 2073,863 2015,863 1996,883 1962,883 1931,860 1839,875 1701,852 1582,875 1512,852 1459,863 1374,844 1332,860 1309,844 1190,840 1159,863 1079,837 933,848 840,833 817,856 756,848"/>
        <Baseline points="753,821 852,822 952,824 1052,825 1152,828 1251,831 1351,834 1451,838 1551,842 1650,845 1750,848 1850,852 1950,855 2049,857 2149,860 2249,862 2349,864 2448,864 2548,866 2648,866 2748,864"/>
        <TextEquiv>
          <Unicode>jour et icelui passé les condamner dès à présent à lui payer avec </Unicode>
        </TextEquiv>
      </TextLine>

    
    
      <TextLine id="r5l7" >
        <Coords points="737,913 744,856 787,875 829,848 1067,856 1094,883 1186,856 1232,860 1255,883 1294,860 1359,883 1420,863 1443,887 1493,867 1524,890 1593,879 1608,894 1689,894 1739,863 1812,863 1835,879 1862,871 1889,898 1981,898 2015,867 2042,867 2131,902 2208,902 2246,883 2277,906 2361,906 2403,875 2442,906 2484,910 2691,883 2699,948 2688,971 2630,971 2607,956 2442,967 2407,952 1927,959 1808,940 1689,956 1470,936 1397,952 1382,933 1294,933 1274,948 1136,929 983,929 967,944 898,925 741,936"/>
        <Baseline points="741,917 839,915 937,915 1035,917 1133,918 1231,920 1329,923 1427,926 1525,929 1623,932 1722,935 1820,938 1918,941 2016,944 2114,947 2212,948 2310,950 2408,951 2506,951 2604,951 2703,950"/>
        <TextEquiv>
          <Unicode>intérêts suivant la loi la somme de vingt francs pour lui en tenir </Unicode>
        </TextEquiv>
      </TextLine>

    
    
      <TextLine id="r5l8" >
        <Coords points="725,1002 729,944 779,929 817,929 833,948 898,929 944,963 986,933 1021,948 1044,933 1105,936 1144,956 1221,940 1248,967 1290,936 1344,936 1413,948 1436,971 1497,948 1547,975 1597,952 1624,963 1647,944 1701,975 1762,959 1800,979 1885,979 1919,952 1946,979 1977,963 1996,983 2062,983 2100,963 2154,986 2296,986 2353,956 2411,959 2465,990 2496,959 2553,959 2584,963 2615,994 2741,994 2753,1040 2611,1071 2592,1052 2542,1067 2488,1052 2469,1067 2423,1052 2350,1067 2269,1044 2150,1063 2096,1040 1935,1052 1919,1036 1820,1056 1789,1036 1651,1052 1585,1032 1547,1052 1532,1032 1428,1048 1401,1029 1336,1025 1297,1044 1171,1044 1152,1029 1098,1040 1071,1021 998,1036 933,1017 863,1032 848,1021 833,1036 729,1032"/>
        <Baseline points="726,1004 827,1004 928,1005 1030,1007 1131,1008 1233,1011 1334,1014 1435,1017 1537,1020 1638,1023 1740,1026 1841,1029 1942,1032 2044,1035 2145,1038 2247,1040 2348,1042 2449,1043 2551,1044 2652,1044 2754,1043"/>
        <TextEquiv>
          <Unicode>lieu et les condamner en outre aux dépens. Point de droit —</Unicode>
        </TextEquiv>
      </TextLine>

    
    
      <TextLine id="r5l9" >
        <Coords points="725,1090 729,1044 879,1056 910,1025 952,1059 1002,1052 1025,1029 1082,1029 1105,1052 1167,1063 1271,1063 1286,1048 1340,1059 1382,1032 1440,1059 1516,1036 1555,1059 1601,1036 1631,1063 1797,1040 1835,1071 1896,1044 2100,1048 2131,1079 2257,1082 2388,1082 2415,1063 2434,1082 2661,1086 2680,1067 2691,1125 2641,1152 2618,1136 2526,1152 2472,1132 2423,1148 2338,1148 2319,1132 2300,1148 1958,1128 1854,1140 1820,1125 1774,1136 1758,1121 1605,1136 1136,1109 1079,1109 1063,1125 990,1109 729,1117"/>
        <Baseline points="729,1092 827,1095 925,1097 1023,1100 1122,1101 1220,1104 1318,1106 1416,1109 1515,1111 1613,1113 1711,1115 1809,1118 1908,1119 2006,1122 2104,1123 2202,1125 2301,1125 2399,1127 2497,1127 2595,1128 2694,1127"/>
        <TextEquiv>
          <Unicode>Doit-en donner défaut contre les époux Deluc non comparants ni </Unicode>
        </TextEquiv>
      </TextLine>

    
    
      <TextLine id="r5l10" >
        <Coords points="725,1186 737,1121 821,1125 867,1148 913,1125 963,1152 1040,1125 1109,1155 1159,1155 1228,1125 1305,1159 1351,1159 1405,1128 1474,1128 1528,1163 1643,1163 1716,1132 1835,1136 1862,1163 1900,1140 1958,1136 1992,1167 2065,1152 2085,1171 2173,1171 2242,1148 2269,1175 2307,1144 2334,1167 2384,1144 2415,1175 2496,1178 2519,1163 2580,1178 2607,1159 2638,1178 2691,1178 2699,1217 2688,1236 2576,1224 2549,1244 2526,1224 2472,1248 2453,1224 2419,1224 2400,1244 2330,1224 2296,1255 2177,1251 2142,1221 2092,1244 2042,1228 2019,1251 1858,1248 1835,1224 1781,1248 1720,1248 1651,1221 1466,1209 1393,1228 1336,1213 1297,1232 1228,1201 1201,1217 1098,1201 1082,1217 1036,1205 1006,1221 959,1198 860,1198 825,1217 787,1201 729,1228"/>
        <Baseline points="729,1188 827,1189 926,1191 1024,1193 1123,1196 1221,1199 1320,1202 1418,1203 1517,1207 1615,1209 1714,1212 1813,1215 1911,1217 2010,1219 2108,1221 2207,1221 2305,1223 2404,1223 2502,1223 2601,1221 2700,1220"/>
        <TextEquiv>
          <Unicode>personne pour eux quoique dument appelés et pour le profit adjuger à </Unicode>
        </TextEquiv>
      </TextLine>

    
    
      <TextLine id="r5l11" >
        <Coords points="729,1278 733,1224 760,1217 833,1221 863,1248 959,1248 990,1217 1067,1240 1271,1221 1290,1240 1367,1224 1405,1255 1455,1232 1478,1255 1574,1244 1631,1259 1670,1232 1697,1259 1785,1259 1831,1236 1870,1263 2008,1263 2042,1232 2092,1248 2135,1232 2192,1267 2277,1267 2315,1236 2353,1259 2407,1236 2457,1259 2545,1240 2568,1263 2688,1271 2699,1305 2603,1328 2419,1328 2307,1309 2138,1324 1885,1320 1816,1301 1570,1317 1528,1297 1463,1313 1290,1313 1259,1297 1059,1309 994,1290 940,1305 906,1290 733,1297"/>
        <Baseline points="732,1280 830,1281 929,1281 1027,1284 1126,1286 1224,1287 1323,1290 1421,1292 1520,1295 1618,1298 1717,1299 1816,1302 1914,1304 2013,1306 2111,1308 2210,1308 2308,1310 2407,1310 2505,1310 2604,1308 2703,1307"/>
        <TextEquiv>
          <Unicode>la demanderesse les conclusions par elle précédemment prises ? Que </Unicode>
        </TextEquiv>
      </TextLine>

    
    
      <TextLine id="r5l12" >
        <Coords points="729,1370 748,1297 821,1328 890,1305 906,1317 998,1301 1040,1336 1094,1305 1144,1305 1167,1324 1205,1305 1251,1344 1344,1313 1386,1309 1409,1332 1428,1313 1505,1309 1551,1313 1578,1336 1605,1313 1674,1313 1758,1351 1843,1351 1885,1324 1912,1347 1962,1328 2023,1344 2058,1324 2085,1355 2465,1359 2515,1324 2557,1328 2588,1363 2638,1363 2668,1336 2703,1363 2749,1347 2760,1401 2749,1420 2703,1405 2565,1420 2503,1401 2480,1416 2419,1416 2403,1401 2376,1416 2261,1416 2211,1401 1946,1409 1931,1393 1896,1409 1785,1409 1662,1393 1344,1401 1317,1386 1248,1401 1125,1386 998,1397 975,1378 863,1393 829,1378 733,1382"/>
        <Baseline points="732,1371 833,1373 935,1376 1036,1377 1138,1379 1239,1382 1341,1383 1442,1385 1544,1387 1645,1389 1747,1391 1849,1392 1950,1394 2052,1395 2153,1397 2255,1398 2356,1400 2458,1401 2559,1401 2661,1403 2763,1403"/>
        <TextEquiv>
          <Unicode>doit-il être statué à l&#39;égard des dépens ? Après avoir entendu la demoiselle </Unicode>
        </TextEquiv>
      </TextLine>

    
    
      <TextLine id="r5l13" >
        <Coords points="721,1463 729,1393 929,1393 986,1424 1102,1393 1144,1428 1236,1428 1294,1405 1328,1428 1378,1401 1447,1428 1505,1397 1536,1432 1570,1432 1601,1405 1624,1420 1651,1401 1704,1432 1754,1432 1793,1409 1866,1432 1904,1405 1946,1436 2119,1436 2169,1428 2192,1405 2250,1405 2342,1409 2373,1436 2415,1416 2465,1440 2530,1409 2572,1440 2714,1440 2722,1482 2691,1505 2519,1493 2488,1509 2388,1509 2265,1493 1374,1497 1340,1482 1320,1497 1228,1497 1117,1478 948,1478 913,1493 837,1478 817,1493 725,1478"/>
        <Baseline points="723,1464 823,1466 923,1467 1023,1469 1123,1470 1223,1472 1323,1473 1423,1475 1523,1476 1623,1478 1723,1479 1823,1481 1923,1482 2023,1482 2123,1484 2223,1485 2323,1485 2423,1485 2523,1485 2623,1485 2724,1485"/>
        <TextEquiv>
          <Unicode>Weber en ses demandes et conclusions et en avoir délibéré conformément </Unicode>
        </TextEquiv>
      </TextLine>

    
    
      <TextLine id="r5l14" >
        <Coords points="737,1559 748,1489 779,1509 814,1489 898,1489 917,1509 952,1489 1013,1505 1044,1489 1194,1489 1255,1520 1347,1505 1405,1520 1424,1505 1443,1524 1566,1524 1582,1509 1624,1524 1647,1501 1708,1524 1804,1505 1839,1524 1931,1524 1958,1505 1985,1524 2031,1509 2085,1528 2127,1505 2188,1528 2215,1501 2250,1497 2353,1520 2392,1497 2438,1528 2515,1528 2542,1505 2584,1528 2626,1497 2730,1497 2745,1570 2734,1593 2553,1578 2453,1597 2127,1597 2027,1582 1578,1593 1248,1570 1105,1589 871,1570 837,1589 741,1574"/>
        <Baseline points="738,1560 838,1560 939,1562 1039,1563 1140,1563 1240,1565 1341,1566 1441,1568 1542,1571 1642,1572 1743,1573 1843,1574 1944,1575 2044,1577 2145,1577 2245,1578 2346,1578 2446,1578 2547,1577 2647,1575 2748,1574"/>
        <TextEquiv>
          <Unicode>à la loi Attendu que la demande de la demoiselle Weber parait juste </Unicode>
        </TextEquiv>
      </TextLine>

    
    
      <TextLine id="r5l15" >
        <Coords points="733,1651 737,1578 760,1605 787,1582 933,1582 963,1612 1063,1612 1117,1582 1278,1582 1294,1597 1320,1585 1351,1612 1405,1582 1451,1582 1482,1612 1532,1612 1559,1589 1670,1612 1708,1585 1785,1616 1843,1593 1866,1616 2123,1616 2138,1601 2227,1616 2269,1585 2304,1605 2330,1589 2357,1616 2388,1585 2426,1616 2484,1616 2530,1585 2638,1585 2664,1612 2726,1593 2749,1608 2760,1658 2749,1693 2688,1693 2664,1670 2553,1670 2522,1685 2492,1670 2449,1693 2403,1670 2319,1693 2277,1674 2234,1693 2096,1693 2069,1674 1770,1693 1751,1670 1670,1685 1624,1670 1440,1674 1393,1689 1336,1666 1175,1670 1155,1689 1067,1666 1036,1689 971,1689 925,1666 856,1685 737,1662"/>
        <Baseline points="735,1652 836,1653 937,1653 1039,1655 1140,1656 1242,1658 1343,1659 1444,1659 1546,1661 1647,1662 1749,1664 1850,1664 1951,1665 2053,1665 2154,1665 2256,1667 2357,1665 2458,1665 2560,1664 2661,1664 2763,1661"/>
        <TextEquiv>
          <Unicode>et fondée ; Que d&#39;ailleurs elle n&#39;est pas contestée par les époux Deluc </Unicode>
        </TextEquiv>
      </TextLine>

    
    
      <TextLine id="r5l16" >
        <Coords points="721,1747 725,1708 760,1678 829,1712 883,1678 948,1678 983,1708 1021,1697 1036,1712 1086,1678 1144,1701 1194,1681 1224,1708 1263,1685 1317,1689 1355,1712 1524,1712 1582,1678 1616,1681 1647,1712 1777,1712 1804,1689 1827,1712 1893,1712 1908,1697 1946,1708 1992,1678 2081,1678 2119,1712 2300,1712 2361,1678 2411,1678 2434,1701 2472,1678 2496,1701 2526,1681 2553,1693 2572,1678 2676,1678 2688,1751 2668,1774 1777,1762 771,1774 725,1758"/>
        <Baseline points="725,1749 823,1749 921,1749 1019,1749 1118,1751 1216,1751 1314,1752 1412,1754 1511,1754 1609,1755 1707,1757 1805,1757 1904,1758 2002,1758 2100,1758 2198,1758 2297,1758 2395,1758 2493,1757 2591,1755 2690,1752"/>
        <TextEquiv>
          <Unicode>non comparants ni personne pour eux quoique dument appelés ; Par </Unicode>
        </TextEquiv>
      </TextLine>

    
    
      <TextLine id="r5l17" >
        <Coords points="733,1839 737,1793 768,1770 802,1797 871,1797 910,1766 948,1785 1040,1766 1071,1797 1140,1797 1190,1766 1309,1797 1451,1797 1493,1766 1651,1781 1678,1766 1812,1766 1862,1789 1896,1766 1916,1781 1969,1766 2050,1797 2092,1766 2135,1766 2165,1797 2231,1797 2265,1766 2307,1781 2338,1766 2369,1797 2522,1793 2549,1770 2584,1797 2726,1777 2753,1843 2734,1866 2703,1850 2622,1850 2607,1866 2469,1850 2365,1858 2350,1873 2311,1858 1946,1873 1858,1850 1800,1873 1731,1873 1689,1854 1628,1870 1559,1858 1539,1873 1255,1854 1132,1873 1098,1850 967,1854 936,1873 906,1854 883,1873 833,1850 783,1870 737,1850"/>
        <Baseline points="735,1841 841,1842 947,1842 1053,1844 1160,1844 1266,1845 1372,1845 1478,1845 1585,1847 1691,1847 1797,1848 1903,1848 2010,1848 2116,1848 2222,1848 2328,1848 2435,1848 2541,1847 2647,1847 2754,1845"/>
        <TextEquiv>
          <Unicode>ces motifs - Le Bureau Générale jugeant en dernier ressort autorise </Unicode>
        </TextEquiv>
      </TextLine>

    
    
      <TextLine id="r5l18" >
        <Coords points="752,1935 756,1893 791,1862 867,1862 906,1900 948,1862 1117,1862 1152,1896 1190,1862 1240,1862 1259,1877 1286,1870 1317,1900 1367,1900 1420,1866 1447,1881 1466,1866 1501,1873 1520,1893 1543,1877 1570,1889 1593,1866 1631,1900 1689,1896 1720,1866 1762,1900 1816,1862 1843,1862 1877,1896 1973,1873 2023,1900 2081,1881 2112,1900 2361,1900 2380,1881 2407,1896 2442,1870 2472,1900 2611,1900 2649,1862 2718,1862 2737,1939 2695,1962 2568,1962 2553,1946 2534,1962 1751,1962 1735,1946 1551,1962 1528,1946 1459,1962 1171,1962 1144,1946 756,1958"/>
        <Baseline points="756,1937 855,1937 954,1938 1053,1938 1152,1938 1251,1940 1350,1940 1450,1941 1549,1943 1648,1943 1747,1944 1846,1944 1945,1946 2044,1946 2144,1946 2243,1946 2342,1946 2441,1944 2540,1943 2639,1941 2739,1940"/>
        <TextEquiv>
          <Unicode>la dame Deluc à citer en justice faute par son mari de l&#39;avoir fait ; </Unicode>
        </TextEquiv>
      </TextLine>

    
    
      <TextLine id="r5l19" >
        <Coords points="768,2027 771,1958 848,1958 883,1985 1002,1985 1048,1958 1155,1958 1175,1973 1221,1962 1248,1981 1263,1966 1328,1977 1397,1958 1428,1985 1463,1966 1562,1985 1612,1958 1712,1958 1743,1989 1812,1962 1862,1989 1939,1989 1958,1973 1989,1989 2196,1989 2261,1962 2304,1989 2407,1962 2449,1989 2484,1989 2511,1962 2634,1989 2688,1962 2714,1989 2741,1989 2753,2035 2622,2054 1555,2039 771,2050"/>
        <Baseline points="771,2030 870,2030 969,2031 1068,2031 1168,2031 1267,2033 1366,2033 1466,2033 1565,2034 1664,2034 1764,2034 1863,2034 1962,2036 2061,2036 2161,2036 2260,2037 2359,2037 2459,2037 2558,2037 2657,2039 2757,2039"/>
        <TextEquiv>
          <Unicode>Donne défaut contre les époux Deluc non comparants ni personne pour </Unicode>
        </TextEquiv>
      </TextLine>

    
    
      <TextLine id="r5l20" >
        <Coords points="733,2123 741,2077 1029,2077 1079,2042 1140,2042 1240,2081 1332,2081 1397,2046 1443,2046 1516,2081 1551,2081 1608,2046 1678,2081 1739,2046 1789,2069 1835,2050 1870,2077 1912,2054 1962,2085 2062,2085 2108,2050 2146,2069 2373,2054 2407,2088 2442,2054 2607,2054 2641,2088 2699,2058 2741,2088 2749,2138 2737,2154 2664,2138 2618,2154 2592,2138 2565,2154 2269,2154 2242,2135 2219,2150 2169,2135 2027,2150 1858,2135 1271,2146 1236,2131 737,2142"/>
        <Baseline points="735,2127 835,2129 936,2129 1037,2130 1138,2130 1239,2130 1339,2130 1440,2130 1541,2130 1642,2130 1743,2130 1843,2130 1944,2130 2045,2130 2146,2130 2247,2131 2347,2132 2448,2133 2549,2135 2650,2136 2751,2139"/>
        <TextEquiv>
          <Unicode>eux quoique dument appelés ; Et adjugeant le profit du dit défaut </Unicode>
        </TextEquiv>
      </TextLine>

    
    
      <TextLine id="r5l21" >
        <Coords points="741,2219 744,2138 791,2138 856,2142 883,2169 1002,2142 1036,2169 1086,2158 1117,2173 1163,2142 1205,2169 1263,2173 1309,2173 1359,2142 1551,2158 1566,2173 1662,2173 1678,2158 1774,2173 1808,2146 1835,2173 2012,2173 2062,2142 2169,2142 2184,2158 2261,2142 2319,2173 2457,2173 2511,2146 2530,2161 2580,2142 2611,2158 2695,2146 2714,2165 2749,2150 2760,2223 2749,2242 2657,2227 2526,2227 2511,2242 2449,2227 2208,2227 2188,2242 2165,2227 2058,2242 1969,2227 1789,2227 1774,2242 1704,2242 1689,2227 1631,2242 1282,2242 1267,2227 1236,2242 1182,2227 744,2238"/>
        <Baseline points="743,2222 844,2223 945,2223 1046,2223 1147,2223 1248,2223 1349,2222 1450,2222 1551,2222 1652,2222 1753,2220 1854,2220 1955,2220 2056,2220 2157,2220 2258,2220 2359,2220 2460,2222 2561,2223 2662,2224 2763,2226"/>
        <TextEquiv>
          <Unicode>Condamne les époux Deluc à payer avec intérêts suivant la loi à la </Unicode>
        </TextEquiv>
      </TextLine>

    
    
      <TextLine id="r5l22" >
        <Coords points="748,2311 752,2261 798,2246 817,2261 1017,2261 1052,2238 1194,2238 1263,2261 1297,2238 1320,2261 1436,2261 1466,2238 1501,2238 1520,2257 1578,2238 1605,2261 1693,2238 1727,2261 1781,2261 1827,2257 1847,2238 1935,2238 1962,2261 2019,2261 2058,2242 2088,2257 2150,2238 2169,2257 2231,2238 2265,2261 2380,2261 2430,2238 2453,2261 2515,2242 2553,2257 2745,2250 2757,2315 2745,2342 2680,2342 2649,2323 2461,2323 2442,2342 2411,2323 2273,2323 2242,2342 2150,2323 2031,2323 2012,2342 1916,2323 1843,2323 1827,2338 1762,2323 1693,2342 1620,2327 1601,2342 1547,2327 1474,2338 1459,2323 1336,2342 1251,2327 1167,2342 1148,2323 1102,2342 998,2342 971,2323 867,2342 752,2330"/>
        <Baseline points="750,2315 850,2316 951,2318 1051,2318 1152,2319 1252,2319 1353,2318 1453,2318 1554,2318 1654,2316 1755,2316 1855,2315 1956,2315 2056,2315 2157,2313 2257,2313 2358,2315 2458,2315 2559,2316 2659,2318 2760,2319"/>
        <TextEquiv>
          <Unicode>demoiselle Weber la somme de Vingt deux francs Trente centimes </Unicode>
        </TextEquiv>
      </TextLine>

    
    
      <TextLine id="r5l23" >
        <Coords points="748,2411 752,2334 833,2353 871,2334 936,2350 971,2334 1079,2365 1221,2365 1251,2334 1317,2365 1367,2334 1401,2334 1436,2365 1536,2365 1608,2334 1674,2334 1704,2365 1835,2365 1870,2334 1904,2334 1931,2361 2004,2357 2027,2334 2077,2338 2100,2361 2154,2334 2192,2365 2338,2365 2403,2338 2442,2365 2472,2334 2511,2334 2557,2365 2592,2365 2615,2342 2645,2365 2714,2361 2726,2407 2699,2430 2611,2411 2496,2430 2380,2411 2353,2430 2280,2423 2257,2438 2223,2423 2169,2438 2150,2419 2073,2419 2050,2438 2031,2419 1800,2423 1785,2438 1597,2438 1555,2415 1470,2430 1447,2415 1386,2438 1282,2415 1224,2438 1194,2415 1013,2434 994,2415 875,2430 810,2411 752,2426"/>
        <Baseline points="750,2414 848,2414 947,2414 1046,2414 1145,2414 1244,2414 1343,2414 1441,2412 1540,2412 1639,2412 1738,2412 1837,2411 1936,2411 2035,2411 2133,2411 2232,2409 2331,2409 2430,2409 2529,2409 2628,2409 2727,2411"/>
        <TextEquiv>
          <Unicode>qu&#39;ils lui doivent pour prix de travaux de son état par elle faits pour </Unicode>
        </TextEquiv>
      </TextLine>

    
    
      <TextLine id="r5l24" >
        <Coords points="737,2507 741,2449 791,2423 833,2423 871,2461 917,2434 998,2442 1048,2423 1163,2438 1198,2423 1278,2461 1355,2461 1436,2419 1570,2419 1616,2457 1766,2457 1785,2438 1808,2457 1916,2457 1969,2430 2062,2457 2081,2434 2127,2438 2146,2419 2177,2442 2273,2430 2292,2446 2369,2415 2434,2415 2499,2453 2545,2453 2584,2415 2618,2415 2661,2453 2737,2449 2749,2496 2730,2519 2599,2519 2557,2503 2496,2519 2384,2503 2311,2519 2081,2507 2065,2522 1751,2522 1724,2507 1578,2522 1424,2507 1397,2526 741,2515"/>
        <Baseline points="738,2508 838,2508 939,2508 1039,2508 1140,2507 1241,2507 1341,2507 1442,2505 1542,2505 1643,2505 1744,2504 1844,2504 1945,2502 2045,2501 2146,2501 2247,2499 2347,2499 2448,2498 2548,2498 2649,2496 2750,2496"/>
        <TextEquiv>
          <Unicode>leur Compte d&#39;apres leurs ordres et dans leurs ateliers; Dit et ordonne </Unicode>
        </TextEquiv>
      </TextLine>

    
    
      <TextLine id="r5l25" >
        <Coords points="725,2599 729,2526 779,2557 814,2534 863,2557 902,2534 936,2557 1013,2557 1044,2526 1071,2538 1113,2522 1186,2522 1224,2545 1248,2534 1274,2553 1351,2522 1374,2542 1393,2526 1420,2553 1474,2553 1512,2519 1559,2534 1635,2519 1708,2545 1751,2526 1785,2545 1808,2526 1831,2549 1881,2549 1912,2530 1954,2545 2184,2545 2211,2522 2234,2545 2284,2545 2346,2511 2457,2534 2503,2511 2565,2511 2630,2542 2722,2534 2737,2580 2703,2599 2634,2592 2595,2607 2515,2592 2484,2607 2400,2595 2319,2611 2288,2595 2238,2611 2050,2595 1919,2615 1843,2615 1827,2599 1751,2615 1524,2603 1512,2618 1182,2603 1071,2622 1032,2607 744,2607 729,2622"/>
        <Baseline points="726,2601 826,2600 927,2600 1027,2600 1128,2598 1229,2598 1329,2598 1430,2597 1530,2597 1631,2597 1732,2595 1832,2595 1933,2594 2033,2594 2134,2592 2235,2591 2335,2589 2436,2588 2536,2586 2637,2583 2738,2582"/>
        <TextEquiv>
          <Unicode>que dans le jour de la signification du présent jugement les époux </Unicode>
        </TextEquiv>
      </TextLine>

    
    
      <TextLine id="r5l26" >
        <Coords points="729,2691 733,2618 802,2607 856,2638 959,2638 1006,2607 1052,2638 1194,2638 1224,2615 1328,2638 1367,2607 1416,2638 1459,2615 1489,2638 1716,2638 1762,2603 1835,2603 1893,2634 1946,2634 1973,2611 2012,2618 2027,2603 2069,2603 2088,2622 2108,2603 2169,2618 2196,2603 2338,2603 2376,2622 2465,2626 2499,2603 2553,2622 2649,2603 2691,2634 2760,2622 2772,2684 2745,2707 2718,2691 2699,2707 2626,2691 2607,2711 2549,2695 2480,2711 2449,2691 2115,2691 2088,2711 2012,2691 1981,2707 1935,2691 1793,2695 1751,2714 1612,2699 1585,2714 1474,2699 1397,2714 1255,2714 1224,2699 1186,2714 879,2714 848,2699 829,2714 810,2695 733,2711"/>
        <Baseline points="731,2694 833,2696 935,2697 1037,2697 1139,2696 1241,2696 1343,2695 1446,2694 1548,2693 1650,2691 1752,2690 1854,2688 1956,2687 2058,2685 2161,2685 2263,2684 2365,2684 2467,2684 2569,2684 2671,2684 2774,2685"/>
        <TextEquiv>
          <Unicode>Deluc seront tenus de restituer à la demoiselle Weber une robe qu&#39;ils </Unicode>
        </TextEquiv>
      </TextLine>

    
    
      <TextLine id="r5l27" >
        <Coords points="710,2784 714,2730 771,2703 817,2703 852,2730 910,2711 933,2730 952,2714 979,2730 1067,2730 1117,2707 1167,2726 1194,2707 1232,2730 1393,2730 1440,2703 1559,2703 1589,2730 1628,2714 1689,2730 1708,2711 1751,2718 1766,2699 1870,2699 1893,2722 1977,2722 1996,2703 2019,2726 2088,2726 2115,2699 2154,2726 2215,2726 2254,2703 2288,2726 2350,2726 2384,2699 2580,2726 2622,2699 2684,2699 2730,2726 2768,2726 2780,2776 2768,2799 2726,2784 2703,2799 2657,2784 2599,2799 2480,2784 2376,2799 2273,2799 2257,2784 2135,2784 2115,2799 2077,2784 2046,2799 1969,2784 1896,2799 1870,2784 1735,2803 1501,2803 1466,2787 1413,2803 714,2803"/>
        <Baseline points="714,2787 817,2790 920,2790 1024,2792 1127,2791 1230,2790 1334,2789 1437,2787 1540,2786 1644,2784 1747,2783 1850,2781 1954,2778 2057,2777 2160,2775 2264,2775 2367,2774 2470,2774 2574,2775 2677,2776 2781,2778"/>
        <TextEquiv>
          <Unicode>lui retiennent indument sinon et faute par eux de ce faire dans le dit </Unicode>
        </TextEquiv>
      </TextLine>

    
    
      <TextLine id="r5l28" >
        <Coords points="733,2883 737,2818 752,2833 917,2833 952,2807 994,2807 1017,2830 1048,2807 1125,2807 1186,2833 1236,2833 1436,2830 1478,2803 1509,2826 1543,2803 1570,2826 1589,2814 1647,2830 1670,2807 1693,2830 1743,2830 1781,2799 1950,2799 1981,2818 1996,2803 2081,2799 2108,2826 2208,2826 2265,2795 2300,2822 2392,2795 2446,2795 2472,2822 2522,2822 2561,2795 2611,2799 2634,2822 2791,2807 2803,2868 2772,2891 2745,2876 2726,2891 2641,2891 2618,2876 2434,2891 2338,2872 2246,2895 2096,2895 2031,2876 1916,2876 1862,2895 1793,2876 1758,2891 1616,2883 1539,2899 1466,2880 1436,2899 1340,2883 1186,2903 890,2903 814,2887 737,2903"/>
        <Baseline points="737,2885 840,2885 944,2885 1047,2883 1151,2882 1254,2880 1358,2879 1461,2877 1565,2876 1668,2874 1772,2873 1875,2871 1979,2870 2082,2870 2186,2868 2289,2868 2393,2868 2496,2868 2600,2868 2703,2870 2807,2871"/>
        <TextEquiv>
          <Unicode>jour les condamne dès à présent à lui payer avec intérêts suivant la </Unicode>
        </TextEquiv>
      </TextLine>

    
    
      <TextLine id="r5l29" >
        <Coords points="729,2976 733,2926 791,2891 906,2914 933,2895 983,2926 1082,2926 1113,2906 1155,2926 1182,2903 1228,2918 1278,2895 1309,2895 1344,2922 1363,2906 1390,2918 1451,2887 1516,2887 1547,2918 1608,2918 1631,2899 1658,2914 1701,2899 1774,2910 1808,2883 1870,2906 1896,2883 2081,2883 2100,2903 2165,2887 2223,2918 2311,2880 2403,2880 2461,2914 2741,2914 2753,2960 2741,2987 2645,2968 2622,2983 2304,2968 2246,2991 2161,2991 2138,2972 2046,2991 1989,2972 1866,2972 1850,2987 1820,2972 1666,2976 1647,2995 1620,2979 1574,2995 1555,2976 1501,2976 1470,2995 1251,2983 1175,2999 844,2999 825,2979 775,2999 733,2991"/>
        <Baseline points="731,2979 832,2979 933,2978 1034,2977 1136,2976 1237,2974 1338,2973 1439,2971 1541,2969 1642,2967 1743,2966 1844,2964 1946,2963 2047,2961 2148,2960 2249,2960 2351,2960 2452,2960 2553,2960 2654,2961 2756,2963"/>
        <TextEquiv>
          <Unicode>loi la somme de Vingt francs pour lui en tenir lieu, Condamne </Unicode>
        </TextEquiv>
      </TextLine>

    
    
      <TextLine id="r5l30" >
        <Coords points="721,3079 725,2991 748,3006 837,2991 887,3029 921,3014 959,3029 1009,2987 1109,2987 1167,3025 1201,2991 1236,3006 1259,2987 1286,3014 1332,2995 1359,3022 1409,3002 1440,3022 1497,2983 1555,2983 1597,3022 1681,2979 1716,3006 1747,2979 1797,3006 1827,2991 1854,3002 1904,2976 1958,2976 1996,3002 2054,2999 2069,3014 2261,3010 2296,2983 2334,3006 2457,3010 2496,2968 2534,2968 2553,2987 2607,2976 2638,3006 2764,3006 2776,3052 2768,3075 2545,3056 2430,3079 2269,3079 2219,3064 2181,3083 2115,3083 2035,3064 2015,3083 1912,3068 1896,3087 1873,3068 1797,3068 1774,3087 1747,3068 1701,3068 1605,3091 1520,3091 1505,3075 1482,3087 1466,3072 1370,3091 1344,3072 1297,3091 1059,3079 1013,3098 829,3098 771,3079 729,3098"/>
        <Baseline points="723,3081 825,3078 928,3077 1031,3074 1134,3071 1237,3069 1340,3067 1442,3065 1545,3063 1648,3062 1751,3060 1854,3059 1957,3057 2060,3056 2162,3056 2265,3054 2368,3054 2471,3053 2574,3053 2677,3053 2780,3053"/>
        <TextEquiv>
          <Unicode>les époux Deluc aux dépens taxés et liquidés envers la demanderesse à </Unicode>
        </TextEquiv>
      </TextLine>

    
    
      <TextLine id="r5l31" >
        <Coords points="729,3171 733,3118 779,3091 910,3091 936,3118 1056,3118 1082,3095 1232,3114 1274,3087 1374,3098 1409,3083 1512,3083 1539,3102 1727,3083 1774,3106 1808,3079 1850,3079 1881,3106 1962,3106 1981,3087 2012,3106 2085,3106 2150,3075 2200,3102 2296,3087 2426,3102 2549,3098 2607,3072 2649,3072 2688,3095 2726,3072 2753,3091 2764,3148 2741,3171 2626,3148 2469,3171 2434,3152 2365,3175 2342,3152 2261,3171 2161,3152 2108,3168 2092,3152 2058,3171 1896,3156 1873,3179 1785,3156 1743,3183 1658,3160 1574,3179 1536,3160 1455,3183 1420,3164 1309,3187 1248,3187 1232,3171 1205,3187 1105,3175 1036,3191 733,3191"/>
        <Baseline points="732,3174 833,3172 935,3170 1037,3168 1138,3165 1240,3164 1342,3161 1443,3159 1545,3156 1647,3155 1749,3152 1850,3150 1952,3149 2054,3147 2155,3147 2257,3146 2359,3146 2460,3146 2562,3147 2664,3147 2766,3150"/>
        <TextEquiv>
          <Unicode>la somme de deux francs dix Centimes, et à celle de soixante quinze Centimes </Unicode>
        </TextEquiv>
      </TextLine>

    
    
      <TextLine id="r5l32" >
        <Coords points="702,3263 706,3187 748,3175 779,3206 994,3206 1059,3183 1109,3183 1132,3206 1255,3206 1324,3179 1363,3206 1393,3175 1420,3202 1493,3202 1536,3175 1574,3191 1620,3179 1651,3202 1797,3179 1823,3198 1973,3202 2004,3175 2073,3183 2088,3168 2211,3168 2273,3191 2311,3168 2353,3168 2373,3187 2446,3168 2476,3198 2534,3168 2572,3194 2630,3168 2718,3168 2749,3198 2768,3187 2780,3252 2772,3283 2695,3283 2676,3267 2638,3279 2607,3252 2557,3283 2522,3283 2492,3252 2423,3279 2384,3252 2327,3252 2311,3267 2284,3252 2231,3252 2215,3267 2092,3252 2012,3287 1935,3287 1904,3256 1800,3256 1781,3275 1739,3256 1639,3260 1624,3275 1555,3256 1532,3279 1505,3256 1459,3256 1340,3283 1317,3263 1248,3267 1198,3290 1159,3275 1136,3290 1102,3271 710,3290"/>
        <Baseline points="704,3266 807,3266 911,3265 1015,3264 1119,3262 1223,3260 1327,3257 1430,3254 1534,3251 1638,3249 1742,3246 1846,3243 1950,3242 2054,3240 2157,3239 2261,3239 2365,3240 2469,3242 2573,3244 2677,3249 2781,3254"/>
        <TextEquiv>
          <Unicode>envers le Trésor Public pour le papier timbré de la présente minute, Conformément </Unicode>
        </TextEquiv>
      </TextLine>

    
    
      <TextLine id="r5l33" >
        <Coords points="737,3363 741,3290 752,3302 794,3279 829,3294 848,3283 871,3306 898,3290 952,3310 1013,3294 1075,3310 1128,3290 1175,3306 1209,3275 1324,3275 1378,3306 1424,3271 1639,3271 1724,3302 1781,3267 1896,3267 1935,3298 1989,3298 2054,3271 2112,3298 2200,3294 2257,3267 2350,3294 2426,3275 2618,3290 2672,3267 2691,3287 2772,3290 2784,3340 2776,3359 2507,3336 2480,3356 2457,3340 2369,3340 2346,3359 2238,3340 2196,3363 2154,3363 2119,3340 2023,3367 1950,3363 1923,3344 1551,3359 1532,3348 1497,3367 1436,3356 1420,3375 1374,3359 1324,3375 1201,3359 1175,3375 1082,3363 1059,3379 771,3379 752,3363"/>
        <Baseline points="741,3365 843,3363 945,3360 1047,3357 1150,3356 1252,3353 1354,3350 1456,3347 1559,3344 1661,3341 1763,3338 1865,3335 1968,3333 2070,3332 2172,3332 2274,3330 2377,3330 2479,3332 2581,3334 2683,3336 2786,3341"/>
        <TextEquiv>
          <Unicode>à la loi du sept août mil huit Cent Cinquante, ence, non compris le cout </Unicode>
        </TextEquiv>
      </TextLine>

    
    
      <TextLine id="r5l34" >
        <Coords points="752,3455 756,3371 775,3386 802,3371 860,3375 883,3398 925,3398 956,3375 1002,3375 1025,3394 1221,3394 1236,3379 1436,3390 1451,3375 1466,3390 1520,3356 1927,3352 1985,3383 2039,3359 2115,3379 2138,3356 2161,3379 2261,3379 2350,3352 2388,3363 2419,3344 2542,3375 2649,3348 2676,3367 2722,3356 2784,3371 2795,3425 2780,3448 2722,3425 2415,3448 2357,3448 2323,3429 2234,3455 2050,3432 1989,3452 1854,3436 1797,3459 1555,3444 1516,3467 1102,3452 1052,3471 867,3459 821,3475 787,3459 756,3475"/>
        <Baseline points="756,3459 858,3458 960,3456 1062,3454 1164,3452 1266,3449 1368,3446 1470,3443 1572,3440 1674,3438 1777,3435 1879,3432 1981,3429 2083,3428 2185,3426 2287,3425 2389,3423 2491,3423 2593,3425 2695,3425 2798,3428"/>
        <TextEquiv>
          <Unicode>du présent jugement, la signification d&#39;icelui et ses suites. et vu les articles </Unicode>
        </TextEquiv>
      </TextLine>

    
    
      <TextLine id="r5l35" >
        <Coords points="744,3551 748,3494 779,3467 833,3482 860,3467 1021,3463 1040,3479 1059,3463 1190,3459 1359,3490 1386,3463 1440,3486 1505,3486 1551,3463 1589,3486 1620,3455 1655,3467 1674,3452 1724,3479 1770,3463 1850,3482 1900,3448 2019,3448 2096,3475 2135,3455 2161,3475 2300,3475 2388,3448 2430,3471 2496,3471 2522,3452 2553,3467 2764,3463 2776,3517 2764,3540 2718,3525 2653,3540 2634,3525 2603,3544 2545,3517 2519,3536 2384,3536 2353,3521 2254,3540 2238,3525 2027,3528 1977,3555 1916,3528 1739,3559 1666,3536 1608,3563 1482,3563 1455,3548 1344,3567 1297,3551 1282,3567 1167,3555 1148,3571 1067,3555 952,3575 825,3551 752,3567"/>
        <Baseline points="747,3554 848,3554 950,3552 1051,3549 1153,3548 1255,3545 1356,3542 1458,3539 1560,3536 1661,3533 1763,3530 1865,3527 1966,3524 2068,3522 2170,3519 2271,3518 2373,3518 2475,3518 2576,3518 2678,3519 2780,3521"/>
        <TextEquiv>
          <Unicode>437 du code de procédure civile, 27 et 42 du décret du onze juin 1809 pour </Unicode>
        </TextEquiv>
      </TextLine>

    
    
      <TextLine id="r5l36" >
        <Coords points="737,3651 752,3567 894,3586 940,3563 990,3586 1063,3559 1109,3578 1190,3559 1217,3582 1374,3586 1459,3551 1516,3582 1620,3578 1635,3563 1655,3578 1835,3563 1900,3575 1950,3551 2004,3567 2069,3536 2288,3532 2346,3563 2407,3532 2442,3559 2492,3555 2530,3528 2580,3555 2749,3544 2760,3605 2730,3632 2622,3609 2545,3628 2457,3613 2376,3647 2280,3617 2250,3636 2211,3621 2108,3624 2077,3651 2039,3624 2008,3655 1973,3640 1900,3659 1847,3628 1743,3628 1693,3632 1662,3663 1624,3632 1578,3632 1432,3659 1409,3640 1305,3644 1267,3667 1248,3651 1159,3651 1125,3674 1086,3659 1071,3678 840,3682 794,3655 744,3682"/>
        <Baseline points="738,3654 839,3651 940,3650 1041,3647 1143,3644 1244,3641 1345,3637 1446,3634 1548,3630 1649,3627 1750,3623 1851,3620 1953,3618 2054,3615 2155,3612 2256,3611 2358,3609 2459,3608 2560,3608 2661,3608 2763,3609"/>
        <TextEquiv>
          <Unicode>signifier aux défendeurs le présent jugement commet Potin, l&#39;un de ses </Unicode>
        </TextEquiv>
      </TextLine>

    
    
      <TextLine id="r5l37" >
        <Coords points="721,3740 725,3667 752,3690 783,3663 814,3663 875,3697 1044,3697 1090,3655 1113,3655 1152,3694 1286,3678 1382,3690 1463,3647 1520,3659 1551,3644 1647,3644 1666,3659 1697,3644 1731,3667 1762,3640 1870,3655 1935,3640 1958,3663 1996,3663 2031,3640 2069,3651 2123,3632 2142,3651 2184,3632 2219,3663 2238,3647 2261,3667 2369,3667 2426,3632 2442,3644 2461,3624 2526,3624 2572,3655 2595,3632 2657,3659 2726,3651 2741,3694 2730,3720 2718,3709 2664,3751 2453,3709 2380,3767 2277,3786 2165,3717 2100,3759 2046,3720 1996,3724 1870,3820 1551,3828 1428,3732 1386,3747 1267,3740 1232,3767 1113,3743 1056,3770 1025,3751 979,3786 933,3770 887,3809 844,3801 810,3828 729,3839"/>
        <Baseline points="723,3741 824,3740 925,3738 1026,3736 1127,3734 1228,3732 1329,3729 1430,3726 1531,3723 1632,3720 1734,3718 1835,3715 1936,3712 2037,3710 2138,3707 2239,3704 2340,3702 2441,3700 2542,3698 2643,3696 2745,3696"/>
        <TextEquiv>
          <Unicode>huissiers audienciers. Ainsi jugé les jour mois et an que dessus. </Unicode>
        </TextEquiv>
      </TextLine>

    
    </TextRegion>
    
  </Page>
</PcGts>
