4608 3072
622 1423 1354 1528 Jusqu’à concurrence
634 1497 1361 1623 de deux cents francs
606 1612 1280 1738 renvoi approuvé
1392 294 3819 396 suivant la loi le montant en principal intérêts et frais des condamnations
1387 381 3824 504 portées au dit jugement ; Dire aussi que le jugement à intervenir sera
1392 483 3822 604 exécutaire par provision, nonobstant un appel et sans qu’il soit besoin
1387 599 3832 727 par elle de fournir caution , conformément à l’article quatorze de la
1387 693 3832 834 loi du premier juin mil huit cent cinquante trois et la condamne en outre
1387 816 3832 954 aux dépens. Point de droit - Devait-On donner défaut contre
1405 934 3837 1080 la demoiselle Marie Mérel non comparante ni personne pour
1405 1049 3857 1177 elle quoique dument régulièrement quoique dument appelée et pour
1392 1154 3865 1297 le profit adjuger à la demanderesse les conclusions par elle précédemment
1413 1272 3857 1410 prises ? Que devrait-il être statué à l’égard des dépens. Après  avoir
1397 1395 3875 1533 entendu la demoiselle Ravel en ses demandes et conclusions et en
1387 1510 3873 1648 avoir délibéré conformément à la loi ; attendu que la demande de la
1408 1620 3888 1774 demoiselle Ravel parait juste et fondée ; d’ailleurs elle n’est pas
1392 1748 3898 1891 contestée par la demoiselle Mérel non comparante ni personne pour elle
1387 1858 3896 2007 régulièrement quoique dument appelée ; Par ces motifs = Le Bureaux
1387 1973 3909 2129 Général jugeznt en premier ressortv ; Donne défaut contre la demoiselle
1415 2101 3906 2255 Marie Mérel non comparante ni  personne pour elle
1387 2240 3906 2373 Quoique dument appelée ;Et adjugeant le profit du dit défaut
1402 2355 3924 2501 déclare commun à la demoiselle Marie Mérel le jugement
1387 2485 3929 2626 rendu le vingt sept novembre dernier contre les époux Mérel-
1405 2613 3929 2752 Fontaine au profit de la demoiselle Ravel ; En conséquence
1387 2718 3937 2864 condamner la demoiselle Mérel à payer à la dite demoiselle
1387 2854 3924 3002 Ravel le montant en principal indemnité , intérêts et frais
