4608 3072
1190 435 3742 568 demoiselle Marie Marie Mérel ; que par conséquent si cette
1185 550 3752 678 dernière est réellement propriétaire du fond de lingerie depuis le
1162 675 3763 793 quatorze juillet dernier il s’en suit que tout les travaux fait à partir
1169 788 3737 908 de cette époque l’ont été pour son compte, qu’elle en a profité et que
1154 890 3806 1036 partant elle en doit le prix ; Par ces motifs - Ouïr dire la défenderesse
1180 1029 3793 1141 que le jugement rendu le vingt sept novembre dernier contre les sieurs
1180 1141 3814 1256 et dame Mérel-Fontaine lui sera déclaré commun ; s’entendre  en
1144 1267 3770 1379 conséquence, condamner ç payer la somme  à principal intérêt et  frais
1177 1387 3811 1497 des condamnations portées au juge dernier jugement du vingt sept novembre
1167 1512 3801 1628 dernier ; Ouir dire aussi que le jugement à intervenir sera exécutoire
1136 1628 3806 1743 par provision, nonobstant appel et sans qu’il soit besoin pour pelle de
1180 1745 3822 1863 fournir caution conformément à l’article quatorze la loi du premier
1162 1848 3824 1991 juin mil huit vent cinquante trois. A l’appel de la cause la demoiselle
1169 1984 3829 2117 Marie Mérel ne comparut pas. De son coté la demoiselle Ravel
1182 2099 3829 2242 se présenta et conclut à ce qu’il plut au Bureau Général du dit Conseil
1175 2222 3850 2362 donner défaut contre la demoiselle Marie Mérel  non comparant ni
1182 2337 3717 2488 personne pour elle quoique dument appelé et pour le profit déclarer
1152 2457 3860 2616 commun à la demoiselle Marie Mérel le jugement rendu le vingt
1172 2565 3875 2754 sept novembre dernier contre les époux Mérel-Fontaine ; En conséquence
1187 2716 3814 2892 condamne la demoiselle Marie Mérel à lui payer avec intérêts
