4608 3072
1233 358 3842 512 signifier à la demoiselle Mérel et remettre et remettre à la
1190 450 3875 627 demoiselle Mérel copie d’une jugement du Conseil de Prud’hommes
1218 583 3878 742 de la Seine pour l’industrie du tissus séant à PAris, en date du vingt
1236 709 3870 857 sept novembre dernier, enregistré et expédié, portant condamnation
1251 834 3875 967 à son profit contre Monsieur et Madame Mérel-Fontaine de la
1236 960 3893 1093 somme de trois cent trente quatre francs cinquante centimes, de principal
1233 1080 3888 1208 et indemnité, outre intérêts et frais ; à fin qu’elle n’en ignore, et l’a fait
1231 1205 3906 1320 citer à comparaître vendredi vingt neuf janvier mil huit cent cinquante
1213 1323 3880 1443 sept huit par devant le Bureau Général du dit Conseil de Prud’hommes
1216 1438 3855 1561 pour, attendu que la demoiselle Ravel ayant voulu suivant procès
1223 1574 3847 1684 verbal du ministère di dut Fontaine en date du quatorze Janvier
1244 1704 3921 1822 mil huit cent cinquante huit, pour obtenir paiement des condamnations
1231 1825 3906 1940 prononcées par le jugement sus énoncé, faire procéder à la saisie
1241 1945 3927 2053 exécution des meubles et marchandises garnissant le domicile de ses
1231 2058 3937 2183 débiteurs, Mademoiselle Marie Mérel s’est formellement opposée
1231 2191 3868 2309 à cette saisie sous le prétexte qu’elle était propriétaire exclusive des
1216 2311 3929 2455 mêmes meubles et marchandises aux termes d’un acte de vente passé
1218 2424 3955 2567 devant Maître Courot et son collègue notaire à Paris, le quatorze juillet
1218 2549 3944 2718 dernier ; attendu que sa créance pour cause le prix de certains travaux
1218 2672 3919 2844 exécutés par elle tout récemment, dans tous les cas biens après le
1228 2787 3901 2979 quatorze juillet dernier, date de l’acte de vente allégué par la
