3072 4608
848 184 2937 264 que dans l'espoir de concilier l'affaire il s'est rendu au domicile de
848 253 2991 384 Beuret et promit d'employer toute son autorité pour obtenir toute soumission
863 353 2976 464 raisonnable de la part de sa fille si la dame Beuret, de son coté, voulait
848 453 2999 583 consentir à ne pas persévèrer dans son exigence à l'égard d'une punition
837 549 3002 679 que l'apprentie refusait à supporter à cause de l'humiliation qu'on voulait
837 648 2987 771 lui faire subir ; que les époux Beuret ayant refusé de l'entendre il s'est vu
844 748 3002 867 forcé de porter la reclamation devant les juges compétents déclarant être
848 848 3014 971 prêt à faire rentrer sa fille qu'il n'a jamais eu l'intention de retirer des ateliers
860 948 2991 1063 de Beuret. De son coté Beuret se présenta et exposa au conseil
852 1056 3002 1171 que l'apprentie pouvait d'autant mieux se soumettre que depuis le
883 1159 3002 1267 vingt cinquante six elle n'a été mise que trois fois au pain sec ce qui
860 1255 2991 1370 ne peut être considéré comme un abus. Le Bureau Particulier
879 1363 3002 1478 engagea Beuret à reprendre l'apprentie et pour le cas ou il aurait à
860 1466 3018 1570 s'en plaindre à l'avenir, de s'adresser au père de préfèrence à lui infliger
863 1574 3029 1658 une punition par la mise au pain sec . Beuret ayant refusé d'accepter
863 1658 3025 1766 cette proposition de Conciliation la cause fut renvoyée devant
852 1758 3033 1873 le Bureau Général dudit Conseil séant le vendredi Vingt huit
883 1862 3025 1977 Mai mil huit Cent Cinquante huit . Cité pour le dit jour vingt
840 1962 2991 2077 huit Mai Beuret aîné comparut . A l'appel de la cause Pajot,
856 2073 3029 2181 ès noms et qualités qu'il agit, se présenta et conclut à ce qu'il plut au
840 2169 3022 2288 Bureau Général dudit Conseil dire et ordonner que dans le jour du
860 2277 3014 2392 jugement à intervenir Beuret aîné de sa tenu de recevoir
871 2373 3037 2496 sa fille mineure Valérie Pajot pour y continuer son apprentissage
863 2480 3045 2599 aux termes des conventions verbales consenties établies le vingt cinq
833 2572 3041 2714 Août mil huit cent Cinquante six ; Dire en outre qu'il sera interdit
863 2688 3041 2803 à Beuret de punir l'apprentie en la privation d'une partie de sa
837 2780 3064 2922 nourriture, sinon et faute par lui de recevoir l'apprentie le condamner
867 2883 3025 3010 dés à présent à lui payer avec intérêts suivant la loi telle indemnité
860 2991 3045 3118 qu'il plaira au Conseil fixer à titre de réparation du préjudice
856 3091 3014 3217 qu'il éprouvera de la non éxécution des dites conventions et le
856 3198 3014 3317 condamner aux dépens. De son coté Beuret se présenta et
871 3290 3014 3417 conclut à ce qu'il plut au Bureau Géneral du dit Conseil
863 3386 3068 3525 attendu que la mineure Valérie Pajot n'ayant voulu se soumettre
875 3486 3068 3624 à une légère punition bien méritée et a l'en a coute son renvoi de ses ateliers
871 3594 3006 3720 attendu qu'en encourageant sa fille à la résistance Pajot à rendu
863 3686 3064 3828 l'éxécution de Conventions verbales impossibles ; attendu d'ailleurs
863 3786 3022 3924 que le préjudice résultant de l'inéxécution des conventions verbales
875 3893 3029 4024 sera supporté par lui seul et non par le père de l'apprentie qui ne
856 3985 3068 4124 peut qu'y gagner puisque sa fille est capable de gagner une journée
860 4070 3025 4231 ordinaire dont le produit lui était du jusqu'au mois d'août mil
867 4185 2999 4385 huit cent cinquante neuf pour l'indemniser des avances de
