4608 3072
1039 1044 1584 1131 Séant en Bureaux
1031 1113 1635 1218 Particuliers les mardi
1026 1216 1543 1287 douze et mercredi
1008 1285 1579 1372 treize janvier mil
1008 1354 1617 1443 huit cent cinquante
1003 1431 1620 1530 huit pour se concilier
1003 1520 1597 1620 si faire se pouvait
1008 1594 1625 1689 sur la demande qu'elle
1013 1664 1635 1761 entendait former contre
1018 1743 1172 1853 elle
1031 1822 1602 1909 renvoi approuvé
2260 419 2915 535 Du dit jour quinze janvier
1666 483 3668 619 Entre Mademoiselle Marghen, ouvrière, demeurant
1664 578 3686 709 à Paris, rue d’Arras, numéro neuf ; Demanderesse ; Comparant ;
1658 668 3694 798 D’une part ; Et Madame veuve Montré, lingère, demeurant
1669 757 3704 883 et domiciliée à Paris, rue du Parc Royal, numéro sept ; Défenderesse ;
1646 847 3701 972 Comparant ; d’autre part ; Point de fait - Par lettres du secrétaire
1656 939 3688 1067 du Conseil de Prud’homme du Département de la Seine, pour
1666 1036 3691 1146 l’industrie du tissus, en date à Paris des Lundi onze et Mardi
1664 1139 3683 1236 douze Janvier mil huit cent cinquante huit la demoiselle
1666 1218 3694 1338 Marghen fit citer la veuve Montré à comparaître par devant le
1666 1320 3714 1428 dit Conseil de Prud’hommes en paiement de la somme de six francs soixante quinze
1671 1423 3706 1541 centimes pour prix de travaux par elle faits pour son compte et d’après
1666 1518 3694 1610 ses ordres. La veuve Montré n’ayant pas comparu la cause fut
1676 1612 3747 1710 renvoyée devant le Bureau Général du dit Conseil séant le vendredi
1651 1704 3735 1799 quinze Janvier mil huit cent cinquante huit. Cité pour le dit jour
1666 1789 3750 1904 quinze janvier la veuve Montré comparut. A l’appel de la cause
1681 1889 3691 1996 la demoiselle Marghen se présenta et conclut à ce qu’il plus au
1669 1984 3712 2088 Bureau Général du dit Conseil condamner la veuve Montré à
1664 2091 3755 2193 lui payer avec intérêts suivant la loi la somme de six francs soixante
1635 2181 3724 2288 quinze centimes qu’elle lui doit pour la façon d’une chemise par
1648 2291 3763 2383 elle fait pour son compte et d’après ses ordres, plus une indemnité
1630 2383 3752 2483 pour le préjudice de perte de temps qu’elle lui a fait éprouver devant
1653 2465 3768 2585 les Bureaux du conseil et les dépens. De son coté la veuve Montré
1653 2567 3763 2685 se présenta et conclut à ce qu’il plut au Bureau Général du dit Conseil
1666 2664 3770 2780 attendu que la demoiselle Montré lui a commandé la chemise dont
1692 2764 3788 2885 elle réclame la façon ; qu’elle la lui a rendue parce qu’elle ne lui convenait
1656 2841 3781 3043 plus et pour qu’elle fut impossible pour la placer de sa clientèle
