4608 3072
1118 358 3696 458 sept Albarède, ès nom qu’il s’agit, fit la demoiselle
1144 442 3778 578 Desgranges à Comparaître par devant le Conseil de Prud’hommes
1105 563 3747 704 pour l’industrie des tissus, séant en Bureau Particuliers le
1121 686 3778 821 samedi dix neuf et lundi vingt un Décembre mil huit cent
1126 814 3773 939 cinquante sept pour se concilier si faire se pouvait sur la
1141 931 3801 1067 demande qu’il entendait former contre elle devant le dit Conseil
1113 1059 3801 1187 en paiement de la somme de trente huit francs qu’elle lui doit
1111 1177 3778 1318 pour prix de travaux de sa fille. La demoiselle Desgranges
1090 1310 3799 1438 n’ayant pas comparu la cause fut renvoyée devant le Bureau
1136 1436 3806 1566 Général du dit Conseil séant le Vendredi vingt quatre
1095 1556 3786 1692 Décembre mil huit cent cinquante sept et ajourné au
1093 1676 3809 1815 vendredi huit janvier mil huit cent cinquante huit. Citée
1090 1802 3822 1953 à comparaitre le dit jour huit janvier par exploit de Fontaine,
1077 1935 3814 2071 huissier à Paris, en date du trente Décembre mil huit cent
1093 2055 3801 2196 cinquante sept. Visé pour timbre et enregistré à Paris, le
1103 2196 3827 2342 trente Décembre mil huit cent cinquante sept, en délier de
1077 2334 3814 2449 un franc trente centimes, folio vingt deux, case cinq, verso
1105 2455 3824 2575 signé : L Drevon, la demoiselle Desgranges ne comparaissant
1113 2565 3840 2721 pas. A l’appel de la cause Albarède, ès qualités qu’il agit
1095 2698 3842 2841 se présenta et conclut à ce qu’il plut au Bureau Général du
1070 2828 3796 2964 dit Conseil donner défaut contre la demoiselle Desgranges
