3072 4608
706 280 2814 418 du jugement à intervenir Levinslin sera tenu de faire rentrer sa fille
683 376 2814 514 Fanny dans les ateliers de la dame Chardon pour y continuer son
691 464 2784 618 apprentissage sinon et faute par lui de ce faire le condamner dès
679 552 2784 725 à présent à lui payer avec intérêts suivant la loi la somme de
683 645 2741 814 Cent francs à titre d'indemnité et le condamner en outre aux
695 741 2814 906 dépens. De son coté Levinslin se présenta et conclut à ce qu'il plut
691 848 2776 1002 au Bureau Général dudit Conseil attendu qu'après six mois du
679 940 2784 1086 temps que sa fille passa chez la dame Chardon, la dite dame
683 1029 2760 1190 Chardon n'a déclaré qu'elle ne pourrait jamais en faire une
687 1144 2803 1278 ouvrière ; que le temps fixé pour l'apprentissage expiré elle
691 1228 2780 1367 ne pourrait gagner vingt cinq centimes par jour ; que c'est
683 1313 2807 1470 la seule raison qui l'a déteminé à retirer l'apprentie ; attendu
675 1416 2784 1555 que les époux Chardon n'ayant ni nourii ni logé l'apprentie
656 1505 2787 1651 n'éprouvent aucun préjudice par la rupture des Conventions verbales
672 1608 2749 1751 d'apprentissage ; Par ces motifs — Dire les conventions
668 1704 2807 1843 verbales dont s'agit purement et simplement résolues. Déclarer
668 1800 2833 1946 les époux Chardon non recevables en leurs demandes en indemnité
672 1893 2830 2050 et les Condamner aux dépens. Point de droit — Doit on dire et
668 2004 2795 2131 ordonner que dans le jour du jugement la mineure Fanny Levinslin
675 2092 2741 2231 sera tenue de rentrer dans les ateliers des époux Chardon pour y
668 2184 2799 2330 terminer son apprentissage, sinon et faute pour elle de ce faire et de
660 2284 2768 2419 son père de l'y contraindre Condamner dès à présent Levinslin à
672 2384 2810 2519 payer aux époux Chardon la somme de Cent francs à titre d'indemnités
668 2480 2784 2615 Ou bien doit-on pour les motifs renfermés dans les conclusions de
652 2580 2810 2711 Levinslin dire les conventions verbales d'apprentissage dont s'agir
652 2668 2791 2818 purement et simplement résolues ; Déclarer les époux Chardon
648 2780 2718 2899 non recevables en leurs demandes ? Que doit-il être statué à
637 2864 2807 3014 l'égard des dépens ? Après avoir entendu les parties en leurs demandes
645 2968 2810 3106 et conclusions respectivement et en avoir délibéré conformément à
637 3060 2791 3194 la loi ; Attendu qu'il est constant que des Conventions verbales sont
645 3168 2807 3290 intervenues entre les époux Chardon et Levinslin en Décembre
637 3263 2784 3394 dernier lesquelles ont fixé la durée de l'apprentissage à une année
645 3359 2795 3502 du temps de l'apprentie ; Attendu que les motifs allégués pas Levinslin
641 3455 2726 3582 pour légitimer le retrait de sa fille ne sont pas sérieux ; que le
656 3544 2780 3694 Conveil n'y reconnait aucun fait de nature à résilier les dites Conventions
618 3640 2795 3793 verbales ; que les dites conventions verbales d'apprentissage doivent avoir
641 3740 2753 3878 leur effet plein et entier, sinon Levinslin devra payer une indemnité
648 3832 2807 3985 aux époux Chardon ; mais, attendu que le Conseil trouve que la demande
652 3924 2749 4070 Cent francs faite par les époux Chardon est trop exagérée ; que celle
656 4024 2749 4185 de trente francs est suffisante pour les indemniser du temps
610 4135 2787 4327 qu'ils ont passé après l'apprentie ; Par ces motifs — Le Bureau
