4608 3072
1433 335 3573 448 la dame Lemonnier à
1420 409 3584 535 entrer en justice faute par son mari de l’avoir fait ; Donner défait
1397 501 3596 647 contre les époux Lemonnier non comparants ni personne pour eux quoique
1408 604 3604 737 dument appelés. Et pour le profit du dit défaut condamner les époux
1410 709 3599 832 Lemonnier à leur payer avec intérêt suivant la loi la somme de neuf
1392 806 3609 919 francs qu’ils leur doivent pour prix de travaux faits par la dame
1433 911 3604 1024 Grad pour leur compte et d’après leurs ordres, plus une indemnité
1405 1021 3619 1121 pour le préjudice de temps qu’ils leur ont fait éprouver en ne
1420 1118 3614 1216 comparaissant pas devant les Bureaux du Conseil et les dépens.
1425 1210 3624 1331 Point de droit - Devait-on donner défait contre les époux Lemonnier
1420 1341 3622 1425 non comparant ni personne pour eux quoique dument appelés et pour
1428 1425 3632 1530 le profit adjuger aux demandeurs les conclusions par eux précédemment
1443 1528 3637 1633 prises ? Que devait-on statuer à l’égard des dépens ? Après avoir
1423 1630 3622 1733 entendu les époux Grad en leur demandes et conclusions et en avoir
1425 1722 3637 1843 délibéré conformément à la loi ; attendu que la demande des époux
1441 1832 3627 1950 Grad paraît juste et fondée ; que d’ailleurs elle n’est contestée par
1448 1953 3650 2063 les époux Lemonnier non comparants ni personne pour eux quoique dument
1431 2037 3622 2170 appelés ; attendu qu’en ne comparant pas devant les Bureaux
1446 2150 3648 2268 du Conseil les époux Lemonnier ont causé aux époux Grad un préjudice
1425 2257 3658 2388 de perte de temps, ce qu’ils doivent réparer ; Par ces motifs - Le Bureau
1438 2370 3642 2478 Général jugeant en dernier ressort - autorise la dame Lemonnier
1415 2462 3658 2583 à entrer en justice faute par son mari de l’avoir fait ; Donne défaut
1423 2572 3658 2698 contre les époux Lemonnier non comparant ni personne pour eux
1443 2682 3660 2810 quoique dument appelés ; Et adjugeant le profit du dit défaut
1410 2787 3671 2910 condamne les époux Lemonnier à payer avec intérêts suivant
1420 2880 3650 3023 la loi aux époux Grad la somme de neuf francs qu’ils leur
