4608 3072
1259 780 3440 901 la cause fut conciliée. Vieille n’ayant pas fait rentrer sa fille
1241 880 3456 1006 aux terme de la conciliation les époux Didier le firent de nouveau appeler
1264 988 3445 1105 à comparaître pardevant les Bureaux Particuliers du Conseil des
1236 1103 3476 1218 Mardi huit et Mercredi vingt trois Décembre mil huit cent cinquante
1259 1208 3448 1320 huit. Au Bureau Particulier du vingt trois Décembre Viéville
1259 1331 3484 1441 se présenta et déclara au Conseil qu’il se refusait à replacer sa fille
1246 1441 3476 1541 chez les époux Didier parce qu’il recevaient chez eux des femmes dont
1233 1520 3486 1648 le langage et la conduite l’autorisaient à regarder leur maison comme
1226 1653 3479 1756 immorale et dangereuse pour une jeune personne. Le Bureau Particulier
1244 1761 3479 1871 confirmant l’avis précédent donné par le Bureau Particulier du treize
1228 1873 3494 1976 novembre dernier engagea Viéville à faire rentrer sa fille. Vieille
1228 1984 3486 2088 ayant refusé formellement de faire rentrer sa fille la cause fut
1199 2120 3489 2203 renvoyé devant le Bureau Général du dit Conseil séant le Jeudi
1200 2206 3486 2319 vingt quatre Décembre mil huit cent cinquante  sept et ajourné
1221 2324 3499 2424 de huitaine en huitaine au vendredi vingt neuf janvier mil huit cent cinquante
1233 2424 3509 2536 huit mil huit cent cinquante huit. Cité à comparaitre le dit jour vingt neuf
1226 2539 3502 2670 janvier par exploit de Fontaine, huissier à Paris, en date du vingt
1236 2654 3496 2780 sept janvier mil huit cent cinquante huit, cités pour timbre et
1231 2762 3509 2880 enregistré à Paris, le vit huit janvier mil huit cent cinquante huit
1213 2880 3496 3025 en délié de un franc vingt cinq centimes, folio cinquante six, case
