<?xml version="1.0" encoding="UTF-8"  standalone="yes"?>
<PcGts xmlns="http://schema.primaresearch.org/PAGE/gts/pagecontent/2019-07-15" xmlns:xsi="http://www.w3.org/2001/XMLSchema-instance" xsi:schemaLocation="http://schema.primaresearch.org/PAGE/gts/pagecontent/2019-07-15 http://schema.primaresearch.org/PAGE/gts/pagecontent/2019-07-15/pagecontent.xsd">
  <Metadata>
	<Creator>escriptorium</Creator>
	<Created>2021-01-21T17:55:08.828466+00:00</Created>
    <LastChange>2021-01-21T17:55:08.828489+00:00</LastChange>
  </Metadata>
  <Page imageFilename="PH 1858-49.jpg" imageWidth="4608" imageHeight="3072">

    

    
    <TextRegion id="eSc_dummyblock_">
    
    
      <TextLine id="r2l8" >
        <Coords points="1185,719 1190,665 1228,663 1313,624 1359,622 1438,642 1472,622 1525,655 1564,629 1630,660 1687,660 1715,645 1745,655 1835,624 1894,624 1920,637 1991,614 2088,652 2142,652 2219,611 2339,647 2406,609 2608,604 2659,604 2695,627 2734,604 2800,601 2877,642 2897,632 3100,640 3146,611 3187,637 3317,637 3389,614 3456,634 3522,614 3555,632 3678,632 3688,683 3678,698 3627,698 3555,680 3394,688 3371,678 3338,680 3302,701 3271,686 3210,680 3112,683 3092,693 3077,683 2887,686 2872,696 2813,688 2775,701 2741,688 2654,688 2580,714 2488,693 2447,698 2421,716 2301,693 2229,711 2155,701 2004,716 1950,701 1920,714 1858,711 1807,724 1753,711 1720,727 1579,727 1561,716 1515,729 1408,719 1336,732 1190,729"/>
        <Baseline points="1187,720 1312,719 1437,717 1562,714 1687,711 1812,707 1937,703 2062,699 2187,695 2312,690 2438,686 2563,683 2688,680 2813,677 2938,675 3063,675 3188,674 3313,675 3438,677 3563,681 3689,686"/>
        <TextEquiv>
          <Unicode> elle n’est pas contestée par la veuve Ducoudin non comparante ni </Unicode>
        </TextEquiv>
      </TextLine>

    
    
      <TextLine id="r2l9" >
        <Coords points="1162,832 1167,778 1185,785 1256,755 1315,785 1364,775 1425,739 1489,739 1548,773 1605,752 1651,780 1676,780 1697,765 1735,775 1815,734 1845,734 1871,750 1899,742 1960,775 2053,775 2145,729 2234,727 2255,727 2337,770 2414,770 2472,750 2513,750 2534,762 2577,757 2644,724 2721,752 2777,729 2869,762 3133,760 3174,742 3217,739 3233,750 3289,734 3310,747 3335,744 3389,711 3653,709 3678,719 3688,796 3678,808 3586,808 3514,793 3456,811 3415,811 3371,791 2964,796 2926,814 2892,798 2833,819 2749,811 2731,821 2672,811 2618,819 2588,803 2554,819 2534,806 2465,803 2408,826 2280,814 2265,824 2145,814 2122,824 2050,811 2007,829 1873,816 1835,834 1725,824 1674,837 1633,826 1607,837 1553,829 1518,839 1359,832 1326,842 1169,842"/>
        <Baseline points="1163,833 1289,833 1415,830 1541,827 1668,824 1794,819 1920,816 2047,810 2173,807 2299,802 2426,798 2552,794 2678,791 2804,788 2931,786 3057,785 3183,785 3310,786 3436,788 3562,792 3689,798"/>
        <TextEquiv>
          <Unicode>personne pour elle quoique dument appelée ; Par ces motifs - Le </Unicode>
        </TextEquiv>
      </TextLine>

    
    
      <TextLine id="r2l10" >
        <Coords points="1180,942 1187,893 1218,893 1272,870 1326,893 1541,890 1620,849 1717,855 1766,842 1797,857 1822,842 1856,842 1955,875 2009,842 2106,883 2191,883 2278,837 2347,834 2421,870 2475,837 2549,880 2616,867 2664,878 2700,862 2736,878 2813,844 2859,867 2900,867 2959,832 3013,826 3202,826 3279,870 3397,870 3489,821 3514,821 3594,862 3619,847 3686,860 3696,913 3686,931 3627,931 3594,913 3489,913 3407,934 3361,934 3330,916 3302,929 3279,919 3258,931 3230,919 3013,919 2954,939 2903,939 2872,921 2785,921 2580,924 2542,942 2508,931 2488,944 2324,947 2283,934 2260,947 2245,936 2232,944 2122,931 2094,942 2017,939 2001,949 1930,939 1871,939 1858,949 1838,939 1602,954 1561,939 1502,954 1484,947 1187,957"/>
        <Baseline points="1182,944 1307,944 1433,944 1559,942 1685,941 1811,937 1936,933 2062,930 2188,926 2314,921 2440,918 2565,914 2691,911 2817,908 2943,905 3069,903 3194,903 3320,903 3446,906 3572,909 3698,914"/>
        <TextEquiv>
          <Unicode>Bureau Général jugeant en dernier ressort ; Donne défaut contre </Unicode>
        </TextEquiv>
      </TextLine>

    
    
      <TextLine id="r2l11" >
        <Coords points="1198,1062 1205,980 1351,975 1397,990 1425,972 1459,985 1479,972 1553,970 1640,970 1730,1011 2170,1003 2229,967 2291,995 2339,965 2375,967 2403,985 2508,965 2531,980 2624,983 2649,995 2711,993 2769,960 2831,988 2862,972 2936,985 2995,957 3084,952 3130,970 3164,947 3228,980 3274,988 3322,962 3374,980 3430,944 3481,944 3514,965 3530,957 3568,972 3581,965 3609,983 3681,983 3691,1026 3681,1041 3525,1024 3484,1041 3458,1026 3343,1026 3264,1036 3118,1031 3089,1049 3028,1049 3008,1036 2831,1034 2803,1054 2675,1054 2631,1036 2616,1047 2536,1039 2483,1057 2403,1041 2375,1054 2270,1044 2135,1049 2088,1064 1968,1049 1873,1067 1715,1070 1617,1057 1548,1072 1515,1062 1497,1072 1203,1072"/>
        <Baseline points="1199,1064 1323,1062 1448,1061 1572,1059 1697,1055 1822,1052 1946,1049 2071,1044 2196,1041 2320,1037 2445,1032 2570,1029 2694,1026 2819,1023 2944,1020 3068,1019 3193,1019 3318,1019 3442,1020 3567,1024 3692,1028"/>
        <TextEquiv>
          <Unicode>la veuve Ducoudin non comparante n personne pour elle quoique </Unicode>
        </TextEquiv>
      </TextLine>

    
    
      <TextLine id="r2l12" >
        <Coords points="1192,1175 1198,1072 1223,1072 1313,1118 1571,1116 1594,1103 1648,1113 1694,1105 1722,1088 1804,1095 1832,1111 1889,1111 2001,1062 2035,1067 2106,1108 2232,1108 2296,1095 2309,1103 2355,1082 2380,1095 2434,1062 2460,1072 2485,1062 2565,1100 2664,1052 2721,1082 2746,1070 2767,1082 2800,1062 2859,1088 2923,1052 2984,1077 3031,1049 3148,1047 3197,1075 3251,1047 3468,1044 3550,1090 3642,1041 3671,1041 3701,1049 3712,1144 3701,1175 3673,1175 3622,1146 3601,1154 3509,1139 3386,1141 3328,1154 3223,1144 3194,1162 3169,1152 3138,1169 3046,1149 3018,1167 2979,1146 2903,1146 2874,1164 2723,1149 2677,1154 2631,1182 2588,1162 2534,1185 2490,1164 2449,1190 2240,1192 2199,1167 2155,1175 2109,1159 2030,1195 1976,1195 1932,1169 1894,1167 1820,1185 1789,1177 1756,1198 1715,1198 1656,1172 1579,1180 1546,1200 1518,1185 1487,1192 1454,1175 1420,1175 1387,1195 1272,1175 1203,1198"/>
        <Baseline points="1193,1176 1319,1176 1445,1176 1571,1174 1697,1172 1823,1169 1949,1166 2075,1162 2201,1158 2327,1154 2453,1150 2579,1146 2705,1143 2831,1140 2957,1138 3083,1136 3209,1136 3335,1137 3461,1139 3587,1142 3713,1146"/>
        <TextEquiv>
          <Unicode>dument appelée ; Et adjugeant le profit du dit défaut condamner </Unicode>
        </TextEquiv>
      </TextLine>

    
    
      <TextLine id="r2l13" >
        <Coords points="1175,1285 1182,1239 1198,1236 1228,1251 1313,1241 1351,1256 1446,1246 1669,1251 1776,1236 1856,1249 1914,1226 1935,1231 1966,1210 2004,1233 2076,1190 2109,1205 2160,1187 2232,1231 2339,1244 2411,1223 2457,1241 2634,1190 2685,1210 2736,1180 2762,1180 2856,1236 2923,1236 2987,1213 3025,1216 3051,1200 3161,1203 3210,1175 3512,1169 3578,1169 3653,1210 3694,1208 3709,1251 3699,1277 3655,1267 3635,1277 3617,1267 3578,1274 3550,1256 3473,1269 3448,1254 3427,1267 3389,1254 3338,1264 3322,1254 3187,1256 3169,1267 3118,1259 3056,1274 2959,1259 2903,1280 2818,1262 2718,1264 2634,1295 2432,1297 2375,1277 2265,1292 2199,1272 2096,1295 2076,1282 2012,1282 1953,1305 1920,1305 1889,1287 1817,1285 1776,1305 1738,1290 1671,1297 1653,1287 1574,1287 1536,1300 1502,1287 1400,1305 1361,1290 1333,1308 1264,1295 1180,1313"/>
        <Baseline points="1176,1287 1302,1287 1429,1287 1556,1286 1682,1284 1809,1283 1936,1280 2062,1277 2189,1274 2316,1271 2443,1266 2569,1263 2696,1260 2823,1257 2949,1254 3076,1253 3203,1251 3329,1250 3456,1250 3583,1251 3710,1254"/>
        <TextEquiv>
          <Unicode>la veuve Ducoudin à à payer avec intérêts suivant la loi à Parrisot </Unicode>
        </TextEquiv>
      </TextLine>

    
    
      <TextLine id="r2l14" >
        <Coords points="1164,1405 1172,1356 1262,1308 1287,1318 1364,1305 1451,1356 1541,1356 1597,1349 1666,1318 1715,1331 1756,1303 1774,1313 1794,1300 1838,1310 1863,1303 1968,1349 2045,1349 2142,1300 2216,1323 2280,1295 2332,1292 2375,1292 2457,1341 2488,1344 2575,1341 2680,1290 2728,1287 2913,1287 3013,1336 3056,1336 3112,1310 3151,1318 3223,1287 3253,1287 3348,1331 3420,1295 3481,1331 3714,1326 3724,1372 3714,1402 3696,1392 3650,1395 3609,1374 3491,1390 3392,1377 3330,1408 3128,1408 3082,1382 2949,1395 2915,1384 2869,1413 2813,1402 2787,1410 2731,1390 2652,1402 2560,1390 2501,1400 2296,1397 2250,1410 2237,1402 2206,1420 2155,1400 2096,1413 2071,1402 2014,1420 1960,1400 1917,1420 1871,1420 1840,1405 1807,1418 1756,1408 1712,1420 1589,1410 1551,1428 1438,1408 1413,1420 1320,1410 1259,1425 1239,1413 1169,1423"/>
        <Baseline points="1167,1406 1294,1406 1422,1406 1550,1406 1678,1404 1806,1402 1934,1400 2062,1397 2190,1394 2318,1390 2446,1387 2573,1383 2701,1380 2829,1378 2957,1376 3085,1373 3213,1373 3341,1371 3469,1371 3597,1373 3725,1374"/>
        <TextEquiv>
          <Unicode>la somme de vingt quatre francs à titre d’indemnité du préjudice </Unicode>
        </TextEquiv>
      </TextLine>

    
    
      <TextLine id="r2l15" >
        <Coords points="1146,1538 1154,1477 1295,1477 1313,1466 1331,1474 1413,1431 1469,1446 1502,1438 1559,1472 1640,1456 1751,1469 1809,1466 1861,1436 1879,1446 1927,1420 2035,1431 2060,1418 2211,1415 2337,1415 2391,1443 2421,1438 2449,1456 2485,1456 2519,1438 2560,1438 2606,1410 2698,1441 2805,1415 2895,1443 2938,1423 2956,1433 2995,1423 3038,1446 3100,1446 3130,1428 3169,1443 3276,1443 3325,1441 3397,1397 3527,1395 3558,1410 3596,1395 3665,1402 3717,1423 3729,1495 3722,1523 3678,1507 3622,1515 3566,1500 3509,1502 3476,1523 3276,1530 3200,1525 3164,1505 3069,1507 3023,1528 2979,1507 2854,1507 2828,1523 2808,1512 2782,1525 2682,1510 2657,1525 2626,1518 2588,1538 2549,1515 2519,1512 2503,1525 2485,1515 2429,1515 2398,1530 2378,1520 2252,1528 2214,1518 2094,1536 2042,1528 2019,1541 1960,1528 1904,1541 1799,1530 1735,1556 1651,1556 1628,1546 1602,1559 1505,1551 1418,1561 1356,1538 1310,1538 1236,1564 1154,1564"/>
        <Baseline points="1148,1539 1277,1538 1406,1536 1535,1533 1664,1530 1793,1527 1922,1523 2052,1520 2181,1515 2310,1512 2439,1509 2568,1505 2697,1502 2826,1500 2956,1497 3085,1496 3214,1494 3343,1493 3472,1493 3601,1494 3731,1496"/>
        <TextEquiv>
          <Unicode>qu’elle lui a causé en le congédiant instantanément, sans motif, en dehors </Unicode>
        </TextEquiv>
      </TextLine>

    
    
      <TextLine id="r2l16" >
        <Coords points="1182,1648 1190,1602 1254,1589 1292,1600 1351,1561 1400,1561 1464,1597 1510,1597 1712,1587 1763,1556 1835,1553 2007,1551 2040,1571 2088,1579 2155,1548 2199,1548 2273,1582 2314,1566 2337,1576 2388,1546 2442,1546 2467,1561 2493,1543 2703,1541 2764,1576 2792,1576 2867,1574 2892,1559 2944,1559 2956,1548 3020,1571 3192,1569 3256,1543 3297,1566 3435,1566 3481,1541 3530,1556 3571,1533 3645,1561 3671,1546 3735,1536 3745,1607 3735,1628 3540,1617 3476,1630 3432,1617 3420,1628 3343,1620 3322,1633 3266,1620 3056,1625 3005,1638 2946,1625 2885,1628 2859,1640 2833,1628 2775,1643 2629,1630 2577,1646 2557,1633 2462,1648 2332,1635 2288,1651 2237,1640 2176,1640 2142,1653 2091,1643 2022,1651 1996,1640 1894,1653 1766,1646 1699,1658 1489,1661 1443,1651 1420,1661 1277,1666 1228,1656 1190,1666"/>
        <Baseline points="1184,1650 1312,1649 1440,1646 1568,1644 1696,1641 1824,1640 1952,1637 2080,1634 2208,1631 2336,1628 2465,1626 2593,1623 2721,1620 2849,1619 2977,1616 3105,1614 3233,1613 3361,1611 3489,1611 3617,1610 3746,1610"/>
        <TextEquiv>
          <Unicode>de l’usage et de l’équité qui veulent que les fabricants comme ceux qu’ils emploient </Unicode>
        </TextEquiv>
      </TextLine>

    
    
      <TextLine id="r2l17" >
        <Coords points="1187,1763 1195,1722 1272,1687 1456,1684 1525,1720 1602,1704 1630,1715 1653,1702 1692,1712 1712,1699 1745,1715 1815,1715 1899,1679 1986,1712 2078,1712 2176,1687 2237,1710 2280,1710 2360,1671 2421,1704 2467,1676 2526,1676 2641,1704 2731,1666 2828,1664 2864,1664 2928,1699 2984,1699 3033,1684 3064,1694 3240,1694 3287,1674 3330,1694 3366,1679 3422,1692 3499,1656 3735,1653 3745,1728 3735,1748 3563,1735 3494,1751 3456,1735 3389,1735 3056,1748 3018,1740 2928,1745 2908,1758 2872,1745 2787,1748 2767,1761 2711,1753 2462,1766 2447,1756 2411,1766 2296,1758 2280,1768 2186,1768 2165,1756 2135,1768 2101,1758 2032,1771 1960,1758 1914,1774 1889,1761 1863,1774 1815,1774 1774,1758 1735,1776 1653,1776 1620,1763 1584,1776 1556,1766 1523,1779 1436,1768 1420,1779 1192,1781"/>
        <Baseline points="1190,1766 1317,1764 1445,1763 1573,1761 1701,1760 1829,1757 1956,1755 2084,1752 2212,1749 2340,1746 2468,1743 2595,1740 2723,1737 2851,1736 2979,1733 3107,1731 3234,1730 3362,1728 3490,1728 3618,1728 3746,1728"/>
        <TextEquiv>
          <Unicode>se préviennent réciproquement quelque temps à l’avance avant de se quitter ; La </Unicode>
        </TextEquiv>
      </TextLine>

    
    
      <TextLine id="r2l18" >
        <Coords points="1164,1879 1169,1853 1287,1853 1313,1838 1344,1853 1395,1850 1418,1838 1446,1850 1500,1840 1520,1850 1671,1848 1689,1838 1722,1848 1766,1840 1835,1797 1950,1797 2004,1827 2042,1817 2086,1843 2160,1843 2263,1792 2324,1804 2344,1792 2383,1799 2457,1789 2634,1789 2703,1825 2746,1820 2777,1832 2798,1822 2867,1827 2892,1815 2915,1822 2949,1804 2974,1812 3023,1789 3061,1812 3079,1807 3118,1825 3143,1812 3235,1830 3320,1830 3363,1815 3402,1822 3425,1809 3494,1820 3540,1789 3553,1794 3589,1776 3740,1776 3750,1848 3737,1868 3642,1856 3604,1868 3581,1856 3517,1868 3333,1858 3266,1886 3210,1861 3189,1873 3141,1863 3077,1879 3064,1871 3025,1894 2918,1871 2869,1881 2849,1871 2780,1871 2718,1889 2690,1884 2664,1894 2647,1884 2624,1896 2565,1871 2496,1881 2472,1868 2444,1884 2334,1884 2314,1896 2283,1881 2129,1884 2024,1909 1776,1912 1735,1891 1671,1886 1571,1902 1528,1889 1482,1909 1408,1891 1377,1909 1336,1896 1305,1909 1231,1886 1172,1904"/>
        <Baseline points="1166,1881 1295,1883 1424,1881 1553,1881 1683,1880 1812,1879 1941,1878 2071,1875 2200,1874 2329,1871 2459,1869 2588,1866 2717,1864 2846,1862 2976,1859 3105,1857 3234,1856 3364,1854 3493,1852 3622,1851 3752,1850"/>
        <TextEquiv>
          <Unicode>condamne en outre aux dépens taxé et liquidé en vers le demandeur à la somme </Unicode>
        </TextEquiv>
      </TextLine>

    
    
      <TextLine id="r2l19" >
        <Coords points="1192,2004 1200,1927 1285,1958 1308,1945 1346,1958 1374,1943 1469,1955 1523,1922 1615,1920 1666,1935 1697,1925 1722,1937 1781,1920 1838,1950 2037,1950 2086,1927 2142,1935 2170,1920 2232,1943 2270,1940 2309,1935 2344,1912 2434,1912 2485,1935 2544,1909 2616,1909 2736,1940 2775,1937 2839,1907 2885,1904 2944,1904 3002,1937 3176,1935 3235,1909 3279,1922 3320,1909 3358,1932 3517,1932 3576,1904 3648,1922 3704,1920 3724,1930 3735,1973 3724,1989 3681,1978 3527,1978 3486,1989 3368,1981 3317,1994 3281,1986 3266,1996 3143,1984 3112,1994 3020,1986 2969,2001 2938,1989 2839,1991 2800,2004 2744,1989 2664,1999 2508,1994 2406,2009 2324,1999 2250,2012 2024,2001 1973,2014 1945,1999 1907,2014 1850,2004 1825,2017 1694,2017 1625,2004 1605,2017 1533,2009 1495,2019 1326,2022 1287,2009 1236,2022 1198,2009"/>
        <Baseline points="1193,2007 1320,2007 1447,2006 1574,2004 1701,2003 1829,2000 1956,1998 2083,1995 2210,1992 2337,1989 2465,1986 2592,1983 2719,1980 2846,1978 2973,1976 3101,1974 3228,1974 3355,1973 3482,1973 3609,1974 3737,1976"/>
        <TextEquiv>
          <Unicode>de deux francs quarante six centimes et à celle de un franc quartent cinq centimes </Unicode>
        </TextEquiv>
      </TextLine>

    
    
      <TextLine id="r2l20" >
        <Coords points="1169,2127 1175,2042 1292,2042 1313,2053 1395,2040 1451,2073 1515,2076 1597,2037 1699,2037 1766,2073 1809,2073 1958,2071 1996,2050 2053,2068 2096,2045 2135,2068 2204,2068 2268,2030 2304,2050 2360,2032 2406,2050 2506,2027 2588,2060 2644,2035 2664,2042 2721,2024 2782,2060 2816,2060 2892,2022 2936,2022 3005,2058 3095,2058 3156,2045 3225,2053 3284,2040 3320,2017 3415,2030 3458,2053 3496,2042 3525,2050 3548,2037 3586,2042 3619,2022 3645,2035 3676,2032 3701,2019 3737,2024 3747,2096 3737,2114 3709,2104 3632,2114 3607,2104 3573,2119 3550,2109 3499,2124 3443,2106 3397,2106 3345,2137 3315,2140 3125,2140 3097,2124 3066,2142 3028,2142 2990,2119 2923,2112 2877,2124 2828,2117 2795,2137 2764,2119 2641,2140 2598,2122 2362,2124 2324,2147 2293,2129 2268,2140 2224,2124 2193,2135 2129,2129 2104,2142 2053,2129 2004,2155 1976,2137 1958,2145 1922,2135 1907,2145 1853,2127 1794,2145 1768,2137 1735,2152 1656,2132 1617,2147 1597,2137 1561,2158 1541,2145 1523,2150 1441,2129 1364,2145 1318,2140 1244,2163 1175,2145"/>
        <Baseline points="1170,2129 1305,2129 1441,2129 1577,2129 1712,2127 1848,2126 1984,2123 2120,2120 2255,2118 2391,2115 2527,2112 2663,2109 2798,2106 2934,2103 3070,2102 3206,2099 3341,2097 3477,2097 3613,2097 3749,2097"/>
        <TextEquiv>
          <Unicode>le Trésor Public pour le papier timbré de la présente minute, le papier timbré </Unicode>
        </TextEquiv>
      </TextLine>

    
    
      <TextLine id="r2l21" >
        <Coords points="1159,2252 1167,2211 1239,2168 1425,2165 1451,2178 1474,2163 1525,2163 1612,2201 1635,2204 1669,2181 1699,2199 1751,2206 1876,2193 1968,2155 2119,2152 2158,2163 2176,2152 2237,2152 2275,2168 2306,2150 2350,2176 2396,2152 2501,2196 2762,2193 2792,2183 2836,2191 2900,2152 2931,2168 2987,2142 3025,2160 3069,2142 3095,2155 3107,2147 3161,2178 3194,2173 3217,2186 3287,2176 3374,2183 3412,2158 3471,2178 3568,2181 3612,2168 3699,2176 3737,2155 3747,2211 3732,2237 3709,2224 3683,2234 3627,2222 3584,2224 3517,2250 3438,2232 3374,2252 3253,2255 3179,2255 3141,2232 3048,2237 3028,2250 2984,2232 2859,2242 2816,2232 2777,2250 2746,2237 2700,2263 2670,2250 2654,2260 2631,2247 2498,2245 2421,2268 2393,2255 2342,2268 2321,2255 2257,2270 2201,2247 2083,2263 2035,2245 1981,2252 1955,2270 1907,2270 1850,2252 1779,2270 1674,2265 1640,2280 1592,2257 1518,2273 1472,2263 1454,2270 1433,2257 1367,2273 1328,2257 1277,2268 1164,2257"/>
        <Baseline points="1160,2255 1289,2253 1419,2250 1548,2249 1678,2246 1807,2244 1937,2242 2066,2240 2196,2238 2325,2235 2455,2234 2584,2231 2714,2229 2843,2228 2973,2225 3102,2223 3232,2222 3361,2220 3491,2219 3620,2216 3750,2214"/>
        <TextEquiv>
          <Unicode>et l’enregistrement de la citation, conformément à la loi du sept aout mil </Unicode>
        </TextEquiv>
      </TextLine>

    
    
      <TextLine id="r2l22" >
        <Coords points="1152,2380 1157,2306 1195,2293 1459,2288 1484,2301 1576,2286 1664,2334 1689,2321 1717,2329 1792,2311 1807,2321 1917,2309 1930,2316 2055,2280 2145,2329 2270,2327 2309,2301 2370,2324 2411,2324 2449,2301 2493,2321 2572,2321 2616,2296 2667,2316 2723,2319 2741,2309 2754,2316 2846,2265 3059,2263 3156,2309 3404,2306 3432,2296 3448,2306 3584,2304 3701,2250 3740,2247 3752,2334 3745,2347 3709,2342 3688,2355 3601,2365 3527,2355 3468,2355 3456,2365 3420,2350 3386,2362 3351,2350 3307,2365 3281,2357 3251,2368 3189,2352 3159,2373 3046,2373 3013,2360 2977,2375 2882,2378 2769,2378 2739,2365 2688,2373 2652,2362 2600,2375 2452,2368 2393,2380 2344,2368 2263,2370 2245,2380 2163,2368 2099,2391 1894,2383 1873,2396 1799,2396 1763,2375 1733,2375 1694,2396 1661,2378 1587,2378 1530,2398 1443,2380 1379,2385 1351,2401 1262,2385 1226,2396 1205,2385 1157,2406"/>
        <Baseline points="1154,2382 1284,2377 1414,2373 1544,2370 1674,2367 1804,2366 1934,2364 2064,2363 2194,2361 2324,2361 2454,2360 2584,2358 2714,2358 2844,2357 2974,2355 3104,2354 3234,2351 3364,2348 3494,2345 3624,2341 3755,2336"/>
        <TextEquiv>
          <Unicode>huit cent cinquante, ence, non compris le cout du présent jugement, la </Unicode>
        </TextEquiv>
      </TextLine>

    
    
      <TextLine id="r2l23" >
        <Coords points="1141,2496 1149,2419 1192,2419 1231,2398 1333,2406 1367,2396 1500,2396 1518,2406 1551,2393 1674,2391 1702,2391 1776,2432 1845,2432 2257,2424 2329,2393 2457,2421 2521,2383 2600,2414 2688,2378 2723,2375 2762,2375 2785,2388 2854,2378 2903,2401 3000,2385 3048,2411 3235,2411 3307,2368 3456,2365 3566,2403 3694,2403 3752,2370 3765,2457 3694,2483 3660,2470 3617,2496 3545,2472 3502,2490 3471,2475 3376,2475 3307,2501 3235,2503 3192,2503 3171,2490 3153,2498 3125,2485 3097,2503 2856,2508 2828,2493 2782,2506 2723,2488 2641,2498 2611,2485 2542,2498 2462,2490 2437,2506 2408,2506 2365,2488 2316,2501 2204,2496 2173,2508 2150,2498 2117,2519 1955,2496 1899,2521 1835,2506 1807,2524 1753,2511 1722,2524 1666,2498 1610,2498 1582,2511 1477,2503 1425,2519 1390,2501 1364,2501 1333,2519 1295,2506 1277,2513 1192,2503 1149,2526"/>
        <Baseline points="1143,2498 1274,2495 1405,2492 1536,2490 1668,2489 1799,2487 1930,2486 2061,2484 2193,2483 2324,2483 2455,2481 2586,2480 2718,2478 2849,2477 2980,2475 3111,2474 3243,2472 3374,2469 3505,2466 3636,2463 3768,2459"/>
        <TextEquiv>
          <Unicode>signification d’celui et ses suites. Et vu les articles 435 du code de procédure civile, 27 </Unicode>
        </TextEquiv>
      </TextLine>

    
    
      <TextLine id="r2l24" >
        <Coords points="1162,2626 1169,2590 1280,2542 1310,2557 1354,2542 1461,2585 1546,2570 1566,2577 1633,2549 1666,2567 1756,2580 1850,2544 2035,2567 2078,2565 2119,2542 2191,2570 2216,2552 2298,2557 2378,2521 2490,2519 2787,2513 2813,2529 2856,2513 2905,2542 2944,2544 2979,2529 3033,2557 3456,2549 3563,2516 3637,2539 3724,2544 3760,2524 3776,2580 3768,2593 3719,2595 3694,2611 3632,2613 3548,2595 3520,2613 3479,2616 3392,2616 3330,2600 3269,2613 3225,2600 3194,2621 3164,2603 3105,2621 2990,2621 2938,2606 2885,2626 2803,2608 2777,2624 2746,2616 2711,2629 2616,2631 2506,2616 2444,2634 2388,2624 2350,2631 2327,2618 2275,2631 2222,2618 2178,2634 2101,2639 2055,2621 2030,2636 2012,2626 1978,2636 1955,2624 1891,2624 1807,2631 1786,2644 1725,2629 1597,2629 1541,2639 1454,2631 1392,2649 1379,2641 1305,2654 1256,2636 1169,2636"/>
        <Baseline points="1164,2628 1294,2625 1425,2624 1555,2621 1686,2619 1817,2618 1947,2615 2078,2614 2209,2613 2339,2612 2470,2610 2601,2609 2731,2606 2862,2604 2993,2603 3123,2600 3254,2598 3385,2594 3515,2591 3646,2586 3777,2582"/>
        <TextEquiv>
          <Unicode>et 42 du décret du onze juin 1809 pour signifier à la défenderesse le présent jugement, commet Fontaine, </Unicode>
        </TextEquiv>
      </TextLine>

    
    
      <TextLine id="r2l25" >
        <Coords points="1141,2746 1146,2690 1167,2677 1180,2685 1192,2675 1300,2675 1346,2703 1374,2680 1397,2695 1438,2672 1484,2672 1528,2703 1589,2703 1630,2672 1664,2675 1681,2690 1704,2680 1735,2700 1766,2677 1799,2700 1907,2700 1948,2682 1986,2700 2073,2677 2119,2688 2147,2667 2219,2667 2268,2698 2316,2695 2357,2664 2401,2664 2449,2695 2531,2695 2554,2677 2575,2693 2634,2693 2690,2670 2741,2693 2895,2690 2938,2670 2951,2680 2984,2672 3005,2688 3036,2667 3054,2680 3082,2659 3115,2659 3123,2728 3069,2749 3031,2739 3008,2749 2987,2734 2959,2746 2928,2736 2913,2746 2851,2739 2833,2749 2810,2739 2785,2749 2749,2736 2667,2752 2626,2739 2593,2762 2567,2746 2544,2767 2519,2767 2490,2746 2449,2764 2383,2757 2360,2769 2327,2752 2273,2759 2240,2785 2019,2785 1968,2749 1927,2767 1843,2762 1807,2780 1756,2759 1710,2762 1643,2790 1574,2762 1533,2772 1505,2752 1461,2759 1436,2780 1408,2780 1384,2762 1244,2764 1226,2752 1164,2772 1146,2767"/>
        <Baseline points="1142,2748 1241,2748 1340,2748 1439,2748 1538,2747 1637,2747 1736,2745 1836,2744 1935,2742 2034,2741 2133,2739 2232,2738 2331,2736 2430,2735 2530,2735 2629,2733 2728,2732 2827,2732 2926,2730 3025,2730 3125,2730"/>
        <TextEquiv>
          <Unicode>l’un de ses huissiers audienciers. Ainsi jugé les jour, mois et an que dessus.</Unicode>
        </TextEquiv>
      </TextLine>

    
    </TextRegion>
    
  </Page>
</PcGts>
