4608 3072
1008 204 1551 289 séant en Bureau
995 258 1538 350 Particuliers les mardi
990 327 1484 409 huit et Mercredi
980 371 1536 471 neuf juin mil huit
985 442 1530 547 Cent cinquante huit
1026 514 1466 727 rendu et approuvé
1579 10 3509 120 Cent cinquante huit les époux Margeran ès noms et qualités qu'ils
1597 89 3468 204 agissent firent citer Decroës à Comparaître par devant ledit
1615 176 3486 286 Conseil de Prud'hommes pour se concilier si faire se pouvait sur
1594 263 3473 373 la demande qu'ils entendaient former contre lui devant ledit
1584 350 3522 465 Conseil en paiement de la somme de Vingt sept francs cinquante
1584 445 3504 555 quinze centimes qu'il leur doit pour prix de travaux faits
1589 527 3481 640 par la mineure Léontine Boiron pour son compte, dans ses
1597 627 3532 724 ateliers et d'après ses ordres. Decroës n'ayant pas comparu la
1582 719 3555 811 cause fut renvoyée devant le Bureau Générale du Conseil séant
1582 803 3522 898 le vendredi onze juin mil huit cent cinquante huit. Cité
1571 896 3555 990 pour le dit jour onze juin Decroës ne comparut pas. A l'appel
1592 983 3560 1080 de la cause les époux Margeran se présentèrent et conclurent à
1571 1077 3540 1177 Ce qu'il plut au Buraeu Général dudit conseil donner défaut
1564 1175 3555 1259 contre Decroës non comparant ni personne pour lui quoique dument
1579 1251 3520 1356 appelé et pour le profit le condamner à leur payer avec intérêts
1582 1354 3555 1436 suivant la loi la somme de vingt sept francs quinze centimes
1576 1431 3563 1548 qu'il leur doit pour prix de travaux faits par la mineure Léontine
1579 1538 3486 1628 Boiron pour son compte ; d'après ses ordres et dans ses ateliers
1576 1617 3553 1728 plus une indemnité pour le préjudice de perte de temps qu'il leur
1602 1720 3558 1809 à fait éprouver en ne comparaissant pas devant les Bureaux
1592 1802 3566 1914 du Conseil et les dépens. Point de droit - Doit-on donner défaut
1543 1899 3568 2009 contre Decroës non comparant ni personne pour lui quoique
1607 1984 3527 2096 dument appelé et pour le profit adjuger aux demandeurs les
1582 2078 3578 2188 Conclusions par eux précèdemment prises ? Que doit il etre
1617 2158 3601 2291 statué à l'égard des dépens ? Après avoir entendu les époux Margeran
1605 2270 3609 2380 en leurs demandes et conclusions et en avoir délibéré Conformément
1589 2352 3594 2470 à la loi attendu que la demande des époux Margeran parait juste
1607 2434 3601 2577 et fondée ; que d'ailleurs elle n'est pas contestée par Decroës non
1594 2534 3573 2672 comparant ni personne pour lui quoique dument appelé ; Et
1617 2631 3607 2808 adjugeant le profit du dit défaut ; Condamne Attendu qu'on
