4608 3072
2270 476 3084 563 Dudit jour onze Juin
1589 535 3637 670 entre Monsieur et Madame Margeran, demeurant à
1556 632 3640 757 Vaugirard, rue du Transit numéro quarante six, agissant
1546 732 3599 860 au nom et comme se portant fort pour la mineure Léontine
1556 816 3653 954 Boiron, leur mère, ouvrière fleuriste, deumandeurs ; Comparant
1525 926 3671 1064 D'une part ; Et Monsieur Decroës, fabricant de fleurs artificielles
1528 1029 3614 1149 demeurant et domicilié à Paris, rue saint Denis, numéro trois
1523 1118 3578 1244 cent quarante un ; Défendeur ; Défaillant ; D'autre part ;
1541 1221 3642 1341 Point de fait - Par lettres du secrétaire du Conseil de Prud'hommes
1543 1313 3635 1436 du Département de la Seine pour l'industrie des tissus établi à
1520 1436 3663 1530 Paris, en dates des Lundi sept et Mardi huit juin mil huit
1538 1523 3660 1633 cent cinquante huit les époux Margeran ès noms et qualités qu'ils
1538 1612 3619 1730 agissent firent citer Decroës à comparaître par devant le dit
1556 1722 3653 1825 Conseil de Prud'hommes pour se concilier si faire se pouvait sur
1548 1817 3612 1922 la demande qu'il entendaient former contre lui devant le dit
1548 1917 3683 2032 Conseil en paiement de la somme de Vingt sept francs Cinquante
1546 2024 3658 2127 quinze Centimes qu'il leur doit pour prix de travaux faits
1538 2119 3609 2222 par la mineure Léontine Boiron pour son compte, dans ses
1546 2232 3671 2316 ateliers et d'après ses ordres. Decroës n'ayant pas comparu la
1528 2316 3688 2414 cause fut renvoyée devant le Bureau Général du dit conseil séant
1523 2414 3660 2513 le Vendredi onze juin mil huit cent cinquante huit. Cité
1502 2508 3678 2621 pour le dit jour onze juin Decroës ne comparut pas. A l'appel
1546 2611 3676 2708 de la cause les époux Margeran se présentèrent et conclurent à
1510 2700 3673 2821 ce qu'il plut au Bureau Général dudit conseil donner défaut
1525 2816 3671 2897 contre Decroës non comparant ni personne pour lui quoique dument
1536 2885 3642 3015 appelé et pour le profit le condamner à leur payer avec intérêts
