4608 3072
1912 279 2685 371 Du dit jour cinq Février
1118 320 3371 501 Entre Monsieur Blaise Aurer, ouvrier tailleur, demeurant
1136 437 3394 604 à Paris, rue Volta, numéro trente sept ; Demandeur ;
1121 550 3438 701 Comparant ; D’une part ; Et monsieur Wéber, tailleur
1093 663 3376 803 confectionnant, demeurant et domicilié à la Villette près
1121 773 3358 913 Paris, rue Mogador, numéro deux neuf ; Défendeur ;
1126 880 3473 1011 Défaillent ; D’autre part ; Point de fait - Par lettres
1098 993 3450 1121 du secrétaire du Conseil de Prud’hommes du Département de
1098 1098 3417 1228 la Seine pour l’industrie des tissus en date à Paris des
1082 1221 3448 1336 Lundi vingt cinq et Mardi vingt six Janvier mil huit
1108 1326 3443 1446 cent cinquante huit Aurer fit citer Wéber à comparaître
1085 1451 3450 1551 pardevant le conseil de Prud’hommes séant en Bureaux
1093 1559 3456 1666 Particuliers les Mardi vingt six et Mercredi vingt sept Janvier
1064 1681 3445 1786 mil huit cent cinquante huit pour se concilier si faire se
1064 1776 3461 1896 pouvait sur la demande qu’il entendait former contre lui
1075 1904 3427 2007 devant le dit Conseil en paiement de la somme de trente six
1064 2009 3458 2124 francs pour prix de travaux par lui faits pour son compte
1072 2122 3450 2247 et d’après ses ordres. Wéber n’ayant pas comparut la cause fut
1059 2242 3463 2365 renvoyé devant le Bureau Général dudit Conseil séant le
1062 2347 3463 2470 vendredi vingt neuf janvier mil huit cent cinquante huit et
1075 2475 3463 2585 ajourné au Vendredi cinq Fevrier suivant mois. Cité à c
1024 2562 3456 2708 omparaître le dit jour cinq février par exploit de Potin, huissier
1044 2670 3484 2859 à Paris, en date du premier février mil huit cent cinquante
