3072 4608
752 192 2787 303 mil huit cent cinquante sept, visé pour timbre et Enregistré à Paris
764 253 2691 376 le deux Janvier mil huit cent cinquante huit en délier de
744 345 2764 476 soixante dix centimes, folio cingt quatre, case sept
748 441 2760 560 signé : L. Drevon, Cassal comparaissant pas. A l’appel
744 526 2776 656 de la cause la demoiselle Mismaque se présenta et conclue
752 622 2780 752 à ce qu’il plut au Bureau Général du dit conseil donner défaut
721 721 2776 848 contre Cassal non comparaissant ni personne pour lui
725 810 2776 956 quoique dument appelé ; Et adjugeant le profit du dit défaut
737 902 2764 1036 le Condamner à lui payer avec intérêt suivant la loi la somme
729 998 2757 1121 de quatorze francs qu’il lui doit pour prix de travaux par
729 1090 2768 1224 elle faits pour son compte et d’après ses ordres, plus celle de
718 1186 2760 1317 neuf francs à titre d’indemnité  pour le préjudice qu’il lui a
698 1278 2734 1405 causé en lui laissant pas faire sa huitaine de congé
714 1374 2760 1501 ainsi que le veulent l’usage et l’égalité et condamner en
718 1466 2757 1597 outre aux dépens. Point de Droit -  Devait-on donner
706 1559 2753 1701 défaut contre Cassal non comparant ni personne pour lui
698 1658 2768 1804 quoique dument appelé et pour le profit adjuger la demanderesse
698 1751 2749 1889 les Conclusions par elle précédemment prises ? Que devait-il
706 1847 2768 1989 être statué à l’égard des dépens ? Après avoir entendu la demanderesse
706 1935 2768 2085 Mismaque en ses demandes et conclusions et en avoir délibéré
683 2039 2757 2161 Conformément à la loi, attendu que la demande de la demoiselle
687 2131 2764 2261 Mismaque paraît juste et fondée ; que d’ailleurs elle n’est pas contestée
683 2223 2737 2353 par Cassal non comparant ni personne pour lui
691 2327 2734 2453 quoique dument appelé ; Par ces motif – Le Bureau Général
683 2419 2734 2553 jugeant en dernier ressort – Donne défaut contre Cassal
656 2519 2734 2661 non comparant ni personne pour quoique dument appelé
695 2611 2749 2753 régulièrement quoique dument appelé ; Et adjugeant le profit
706 2707 2691 2841 du dit défaut Condamne Cassal à payer avec intérêts
706 2795 2741 2949 suivant la loi à la demoiselle Mismaque la somme de
291 2899 2726 3037 quatorze francs qu’il lui doit pour solde de travaux,
568 2999 2726 3152 plus celle de neuf francs à titre d’indemnité pour le
648 3098 2745 3252 préjudice qu’il lui a causé en ne lui laissant pas faire la huitaine
656 3187 2745 3352 de congé ainsi qu’il est d’usage. Le condamne en outre aux
645 3283 2737 3444 dépens taxés et liquidés en vers la demanderesse à la somme de
610 3386 2734 3548 quatre francs vingt un centimes, et à celle de un francs quarante cinq
645 3479 2753 3659 centimes envers le Trésor Public pour papier timbré de la présente
625 3578 2722 3755 minute Conformément à la loi du sept aout mil huit cent cinquante ence
637 3674 2734 3851 non compris le cout du présent jugement, la liquidation d’icelui
648 3767 2722 3951 et ses suites. Et vu les articles 435 du code de
618 3863 2695 4058 procédure civile, 27 et 42 du décret du onze juin
641 3970 2707 4231 1809 pour signifier au défendeur le présent jugement,
