4608 3072
1082 225 3850 327 Défendeurs ; Comparant ; D’autre part ; Point de fait - Par lettre
1090 309 3840 450 du secrétaire du Conseil de Prud’hommes du Département de la Seine
1080 445 3850 563 en date du onze Janvier mil huit cent cinquante huit la demoiselle
1090 552 3852 683 Dumont fit citer les époux Michel-Poiret à comparaitre par devant
1095 691 3847 816 le dit conseil séant en Bureau Particulier les mardi douze et samedi
1080 816 3875 944 seize Janvier mil huit cent cinquante huit pour se concilier si faire
1072 921 3880 1077 se pouvait sur la demande qu’elle entendait former contre eux devant
1062 1059 3898 1205 le dit Conseil  en paiement de la somme de vingt cinq francs vingt centimes
1077 1187 3904 1336 qu’elle prétend lui être dus pour prix de travaux par elle fait pour leur
1080 1359 3911 1464 compte et sur leurs ordres de la dame Michel. Les défendues n’ayant
1082 1469 3934 1600 pas comparu la cause fit renvoyée devant le Bureau Général du dit Conseil
1093 1605 3919 1735 séant le vendredi vingt deux Janvier mil huit cent cinquante huit et
1077 1720 3942 1876 ajourné au vendredi vingt neuf mil huit cent cinquante huit. Cités pour le
1077 1858 3944 2007 dit jour vingt neuf Janvier les époux Michel-Poiret comparurent.
1049 2001 3947 2160 A l’appel de la cause la demoiselle Dumont se présenta et conclut à ce
1070 2142 3952 2286 qu’il plut au Bureau Général dudit Conseil attendu qu’ayant travaillé
1049 2275 3960 2424 pour la dame Michel-Poiret, cette dernière l’a payé régulièrement
1057 2434 3970 2565 jusqu’au trois septembre dernier ; attendu qu’a partir de ce jour elle
1057 2557 3993 2723 cessa de la payer pendant trois semaines, après lesquelles elle lui déclara
1057 2711 3942 2844 qu’ayant eu son terme payer elle ne pouvait lui solder le prix
1072 2833 3970 3002 de ses trois semaines en une seule fois ; qu’elle lui paierait le travail
