4608 3072
1121 775 3522 942 case neuf signés : L Drevon Roguer ne comparu pas. A l’appel de
1141 898 3535 1052 la cause Denhard se présenta et conclu à ce qu’il plut au Bureau
1131 1011 3540 1157 Général du dit Conseil donner défaut contre Roguer non comparant
1108 1131 3517 1272 ni personne pour lui quoique dument appelé et pour le profit le
1113 1254 3527 1382 condamner à lui payer avec intérêts suivant la loi la somme de
1131 1354 3545 1507 quatorze francs qu’il lui doit pour prix de travaux par lui faits
1095 1474 3537 1638 pour son compte, d’après ses ordres et dans ses ateliers, plus une indemnité
1090 1579 3548 1745 pour le préjudice de perte de temps qu’il lui a fait éprouver en ne
1128 1712 3545 1858 comparaissant pas devant les Bureaux du Conseil et les dépens.
1136 1804 3550 1978 Point de droit - Devait-on donner défaut contre Roguer non
1111 1943 3553 2117 comparant ni personne pour lui quoique dument appelé et pour le profit
1095 2063 3550 2201 adjuger au demandeur les conclusion par lui précédemment prises ?
1090 2163 3537 2321 Que devait-il être statué à l’égard des dépens ? Après avoir entendu
1100 2293 3560 2437 Denhard en ses demandes et conclusion et en avoir délibéré conformément
1118 2414 3560 2549 à la loi ; attendu que la demande de Denhard paraissait juste et fondée ;
1100 2516 3584 2675 Que d’ailleurs elle n’est pas contestée par Roguer non comparant
1024 2639 3555 2782 ni personne pour lui quoique dument appelé ; attendu qu’en ne
1095 2769 3578 2913 comparaissant pas devant les Bureaux du Conseil Roguer a
