3072 4608
568 330 2657 456 par lui faites pour servir au paiement de travaux des ouvriers
560 395 2672 552 travailleur pour le compte de Cahen frères lui est due ; attendu
549 495 2630 637 que Cahen frères consentent à laisser à Ecot la jouisssance du
545 587 2572 741 local qu'il occupe jusqu'au huit Juillet prochain et qu'Ecot,
541 679 2626 821 de son coté, n'engage à le rendre libre dans le dit jour il n'y
549 768 2649 925 à lieu à statuer sur ce point ; Attendu qu'il est constant que
556 856 2649 1032 Cahen frères ont remercié Ecot huit jours après l'avoir prévenu
545 959 2618 1113 qu'il étaient dans l'intention de quitter la fabr cesser la fabrication
545 1063 2661 1209 de la Chapellerie ; que dans l'espèce ce délai est insuffisant ;
552 1152 2672 1305 Attendu que l'allégation de Cahen frères tendant à établir que
526 1248 2615 1405 Ecot leur aurait détruit ou laissé détruire pour douze mille
556 1351 2649 1493 francs de matières n'est pas fondée ; Attendu qu'en remercian
572 1447 2664 1593 Ecot d'une manière aussi brusque Cahen frères lui ont causé
545 1543 2653 1689 un préjudice que le Conseil ayant les éléments nécessaires fixe
529 1643 2542 1770 à la somme de soixante dix francs pour la réparation ;
552 1735 2649 1870 par ces motifs — Le Bureau Général jugeant en dernier
526 1831 2630 1973 ressort — Condamne Cahen frères à payer avec intérêts
503 1923 2638 2062 suivant la loi à Ecot la somme de soixante dix francs à titre
545 2012 2657 2169 d'indemnité pour renvoi de ce dernier de leurs ateliers sans l'avoir
529 2112 2630 2261 suffisamment prévenu à l'avance ; Déboute Ecot de toutes
491 2215 2603 2353 ses autres demandes ; Condamne Cahen frères aux dépens
526 2315 2618 2442 taxés et liquidés envers le demandeur à la somme de quatre
533 2407 2641 2549 Vingts centimes, et à celle de un franc envers le Trésor Public pour
529 2503 2645 2641 le papier timbré de la présente minute, Conformément à la
549 2599 2641 2734 loi du sept Août mil huit cent Cinquante, ence non compris
545 2691 2630 2849 le cout du présent jugement, la signification d'icelui et ses suites
537 2807 1885 2979 Ainsi jugé les jours mois et an que dessus.
1209 3536 2081 3671 Dudit jour dix huit Juin.
556 3632 2607 3770 Entre Mademoiselle Virginie Tillor, ouvrière brodeuse, demeurant
556 3740 2572 3866 à Belleville près Paris, rue des annelets, numéro onze ;
514 3828 2584 3959 Demanderesse ; Comparant ; D'une part ; Et Monsieur
541 3924 2557 4043 Rocques, entrepreneur de travaux de broderies, demeurant
537 4008 2611 4147 et domicilié à Belleville près Paris, rue du Pré saint Gervais,
526 4093 2565 4281 numéro vingt quatre ; Défendeur ; Comparant ; D'autre
