4608 3072
1320 1057 3640 1172 prix de travaux par elle faits pour son compte, d’après ses ordres et
1303 1175 3648 1274 dans ses ateliers, plus une indemnité pour le préjudice de perte de
1287 1267 3604 1377 temps qu’il lui a fait éprouver en ne comparaissant pas devant les
1297 1372 3640 1477 Bureaux du Conseil et les dépens. Point de droit - Devait-on donner
1310 1472 3665 1589 défaut contre Durand non comparant ni personne pour lui quoique dument
1305 1589 3660 1712 appelé et pour le profit adjuger à la demanderesse les conclusion par
1297 1684 3624 1809 elle précédemment prises ? Que devait-il être statué à l’égard des
1310 1797 3637 1907 dépens ? Après avoir entendu la demoiselle Bailly en ses demandes et
1310 1894 3658 2014 conclusions et en avoir délibéré conformément à la loi ; attendu que la
1320 1999 3663 2129 demande de la demoiselle Bailly est juste et fondée ; que
1297 2096 3696 2245 d’ailleurs elle n’est pas contestée par Durand non comparant ni
1280 2232 3694 2357 personne pour lui quoique dument appelé ; attendu qu’en ne se comparaissant
1285 2311 3645 2478 pas devant les Bureaux du Conseil Durand a causé à la demoiselle
1297 2432 3660 2603 Bailly un préjudice de perte de temps, ce qu’il doit réparer ; Par ces
1303 2547 3576 2703 motifs - Le Bureau Général jugeant en dernier ressort –
1323 2667 3724 2828 Donne défaut contre Durand non comparant ni personne pour
1315 2782 3660 2977 lui quoique dument appelé ; Et adjugeant le profit du dit défaut
