<?xml version="1.0" encoding="UTF-8"  standalone="yes"?>
<PcGts xmlns="http://schema.primaresearch.org/PAGE/gts/pagecontent/2019-07-15" xmlns:xsi="http://www.w3.org/2001/XMLSchema-instance" xsi:schemaLocation="http://schema.primaresearch.org/PAGE/gts/pagecontent/2019-07-15 http://schema.primaresearch.org/PAGE/gts/pagecontent/2019-07-15/pagecontent.xsd">
  <Metadata>
	<Creator>escriptorium</Creator>
	<Created>2021-01-21T17:55:09.313269+00:00</Created>
    <LastChange>2021-01-21T17:55:09.313291+00:00</LastChange>
  </Metadata>
  <Page imageFilename="PH 1858-77.jpg" imageWidth="4608" imageHeight="3072">

    

    
    <TextRegion id="eSc_dummyblock_">
    
    
      <TextLine id="r1l13" >
        <Coords points="1433,1134 1436,1090 1523,1090 1543,1075 1571,1090 1643,1090 1702,1052 1763,1090 1832,1077 1866,1085 1935,1052 2040,1052 2099,1090 2191,1052 2252,1052 2304,1090 2350,1072 2388,1090 2455,1090 2611,1082 2672,1049 2705,1059 2731,1049 2787,1052 2823,1072 2864,1070 2895,1088 2946,1054 2974,1064 2995,1049 3064,1049 3095,1072 3128,1049 3256,1049 3297,1080 3320,1072 3340,1088 3479,1088 3486,1128 3479,1149 3440,1134 3389,1131 3368,1141 3345,1128 3240,1126 3169,1139 3156,1131 3112,1149 3043,1126 2839,1126 2800,1139 2698,1126 2618,1146 2593,1131 2516,1126 2342,1152 2237,1139 2119,1152 2050,1141 1943,1152 1925,1139 1853,1152 1827,1139 1761,1152 1653,1152 1638,1139 1607,1152 1438,1152"/>
        <Baseline points="1434,1136 1536,1137 1639,1139 1742,1139 1845,1137 1947,1136 2050,1134 2153,1133 2256,1130 2358,1127 2461,1125 2564,1122 2667,1121 2769,1119 2872,1118 2975,1118 3078,1118 3180,1119 3283,1122 3386,1127 3489,1131"/>
        <TextEquiv>
          <Unicode>comparaissant pas devant les Bureaux du Conseil les défendeurs ont causé </Unicode>
        </TextEquiv>
      </TextLine>

    
    
      <TextLine id="r1l15" >
        <Coords points="1387,1233 1392,1175 1428,1164 1461,1187 1492,1187 1533,1157 1559,1157 1600,1187 1694,1187 1761,1157 1917,1154 1945,1154 1991,1185 2058,1185 2124,1154 2173,1154 2219,1185 2316,1185 2360,1154 2406,1164 2419,1154 2503,1152 2544,1182 2618,1164 2644,1175 2695,1152 2739,1154 2775,1177 2805,1159 2836,1182 2880,1167 2908,1180 2967,1182 3041,1149 3089,1149 3143,1180 3202,1180 3220,1167 3335,1175 3366,1152 3392,1149 3432,1180 3484,1180 3491,1223 3468,1236 3394,1226 3366,1241 3335,1226 3207,1226 3192,1239 3166,1226 2969,1226 2826,1228 2805,1244 2639,1228 2624,1241 2608,1231 2496,1231 2426,1244 2391,1231 2368,1246 2321,1236 2283,1246 2076,1246 2055,1233 2032,1246 1937,1239 1909,1249 1510,1249 1487,1239 1392,1249"/>
        <Baseline points="1389,1236 1494,1238 1599,1238 1704,1236 1810,1236 1915,1234 2020,1232 2125,1230 2231,1227 2336,1226 2441,1223 2546,1221 2652,1220 2757,1218 2862,1217 2967,1217 3073,1217 3178,1218 3283,1220 3388,1223 3494,1226"/>
        <TextEquiv>
          <Unicode>aux époux Maillot un préjudice de perte de temps, ce qu’ils doivent réparer. </Unicode>
        </TextEquiv>
      </TextLine>

    
    
      <TextLine id="line_1527364686271_179" >
        <Coords points="1382,1338 1387,1282 1431,1256 1520,1256 1543,1272 1564,1256 1610,1256 1666,1285 1689,1272 1728,1280 1799,1254 1848,1254 1886,1282 1922,1285 1963,1254 1999,1251 2083,1251 2135,1290 2306,1290 2370,1274 2396,1287 2506,1287 2552,1264 2595,1287 2690,1285 2721,1269 2759,1277 2787,1256 2928,1244 2949,1244 3013,1282 3072,1282 3141,1256 3233,1282 3279,1280 3310,1264 3368,1272 3415,1246 3468,1241 3484,1320 3473,1338 3368,1338 3338,1323 3307,1338 3274,1338 3261,1328 3205,1323 3187,1333 3166,1323 3133,1341 3110,1326 3072,1323 2951,1323 2923,1341 2882,1326 2626,1326 2575,1346 2539,1331 2508,1341 2419,1328 2378,1346 2350,1336 2332,1346 2319,1336 2304,1349 2286,1338 2219,1349 2188,1331 2091,1331 2065,1349 1999,1351 1827,1351 1776,1338 1748,1351 1712,1338 1681,1354 1553,1344 1487,1351 1466,1338 1415,1351 1390,1338"/>
        <Baseline points="1383,1339 1482,1338 1616,1337 1749,1334 1883,1331 2016,1329 2150,1326 2283,1325 2417,1322 2550,1320 2684,1319 2817,1319 2951,1317 3084,1319 3218,1319 3351,1320 3485,1323"/>
        <TextEquiv>
          <Unicode>Par ces motifs - Le Bureau Général jugeant en dernier ressort - Donne </Unicode>
        </TextEquiv>
      </TextLine>

    
    
      <TextLine id="line_1527364686272_181" >
        <Coords points="1382,1438 1387,1387 1413,1384 1459,1351 1530,1351 1571,1372 1594,1359 1625,1369 1720,1349 1771,1384 1822,1359 1871,1384 1981,1384 2106,1346 2214,1346 2229,1356 2263,1346 2319,1379 2347,1379 2396,1344 2472,1344 2536,1374 2590,1341 2677,1341 2708,1364 2728,1351 2785,1354 2821,1377 3023,1374 3079,1346 3118,1369 3182,1361 3240,1372 3287,1349 3335,1349 3392,1372 3473,1372 3481,1420 3461,1436 3427,1423 3371,1433 3335,1423 3297,1451 3207,1451 3164,1425 3000,1425 2979,1441 2954,1425 2926,1425 2905,1441 2846,1428 2798,1438 2749,1428 2726,1443 2621,1428 2572,1451 2549,1443 2516,1459 2475,1459 2421,1438 2401,1451 2352,1438 2321,1459 2263,1459 2245,1448 2219,1461 2160,1461 2114,1443 2091,1459 2065,1443 2027,1459 1948,1461 1922,1446 1886,1459 1807,1436 1733,1459 1704,1446 1661,1456 1638,1448 1623,1459 1551,1448 1533,1461 1484,1451 1464,1466 1387,1466"/>
        <Baseline points="1383,1441 1485,1440 1590,1439 1695,1437 1800,1436 1905,1433 2010,1431 2115,1428 2220,1426 2325,1424 2431,1422 2536,1419 2641,1418 2746,1416 2851,1416 2956,1415 3061,1415 3166,1416 3271,1416 3376,1418 3482,1421"/>
        <TextEquiv>
          <Unicode>défaut contre la veuve Ribon et Duchesne non comparants ni personne </Unicode>
        </TextEquiv>
      </TextLine>

    
    
      <TextLine id="line_1527364686273_183" >
        <Coords points="1382,1543 1387,1502 1523,1502 1553,1487 1589,1502 1820,1500 1868,1487 1950,1495 1989,1479 2048,1492 2109,1472 2150,1487 2170,1469 2255,1484 2327,1466 2373,1495 2439,1456 2475,1456 2539,1479 2577,1472 2606,1492 2664,1492 2688,1479 2721,1489 2790,1454 2951,1451 3051,1451 3128,1482 3212,1464 3251,1484 3307,1448 3453,1448 3489,1472 3496,1523 3468,1538 3212,1528 2977,1530 2941,1543 2782,1543 2762,1533 2744,1543 2690,1536 2616,1546 2485,1536 2426,1548 2286,1538 2268,1548 2163,1551 2112,1541 2004,1551 1930,1543 1894,1553 1699,1553 1687,1543 1640,1556 1387,1551"/>
        <Baseline points="1383,1544 1445,1544 1553,1544 1661,1542 1769,1541 1877,1539 1985,1538 2093,1535 2201,1533 2309,1532 2417,1530 2525,1529 2633,1527 2741,1526 2849,1524 2957,1524 3065,1523 3173,1523 3281,1523 3389,1523 3497,1524"/>
        <TextEquiv>
          <Unicode>pour eux quoique dument appelés ; Et adjugeant le profit du dit défaut, condamner </Unicode>
        </TextEquiv>
      </TextLine>

    
    
      <TextLine id="line_1527364686274_185" >
        <Coords points="1382,1646 1387,1576 1402,1566 1564,1566 1607,1592 1656,1564 1684,1579 1717,1564 1807,1561 1848,1582 1876,1561 1899,1561 1953,1600 2007,1600 2076,1559 2160,1559 2191,1579 2242,1589 2309,1569 2344,1592 2419,1594 2465,1592 2529,1553 2606,1553 2677,1589 2787,1589 2854,1548 2895,1548 2967,1587 3059,1587 3179,1584 3197,1574 3235,1584 3279,1559 3320,1582 3381,1582 3399,1569 3438,1574 3489,1543 3499,1620 3479,1638 3274,1625 3251,1640 3220,1628 3189,1638 3079,1628 2995,1630 2977,1643 2954,1630 2872,1630 2851,1646 2723,1633 2682,1646 2647,1635 2583,1646 2483,1635 2460,1648 2439,1635 2416,1646 2360,1638 2342,1651 2309,1638 2245,1651 2222,1638 2170,1653 1881,1656 1863,1646 1848,1656 1802,1648 1666,1658 1640,1646 1587,1661 1500,1661 1482,1648 1387,1656"/>
        <Baseline points="1383,1648 1473,1647 1586,1646 1698,1643 1811,1641 1923,1638 2036,1636 2149,1634 2261,1632 2374,1629 2486,1628 2599,1625 2711,1623 2824,1622 2937,1622 3049,1620 3162,1620 3274,1620 3387,1620 3500,1622"/>
        <TextEquiv>
          <Unicode>la veuve Ribon et Duschenes à payer solidairement et avec intérêts </Unicode>
        </TextEquiv>
      </TextLine>

    
    
      <TextLine id="line_1527364686275_187" >
        <Coords points="1382,1745 1387,1692 1431,1661 1479,1664 1525,1697 1576,1697 1620,1661 1643,1658 1676,1671 1740,1671 1794,1694 1943,1692 1958,1681 2007,1692 2127,1689 2183,1653 2232,1651 2286,1687 2352,1651 2391,1651 2426,1669 2467,1648 2567,1656 2639,1646 2657,1646 2708,1681 2731,1681 2754,1666 2823,1666 2856,1643 2923,1643 2974,1679 3041,1664 3084,1676 3123,1676 3141,1664 3187,1671 3261,1648 3299,1674 3371,1674 3440,1643 3489,1669 3499,1720 3491,1735 3351,1728 3330,1740 3307,1728 3294,1738 3269,1730 3256,1743 3217,1733 3061,1730 2818,1735 2762,1748 2698,1735 2626,1748 2593,1738 2565,1748 2429,1738 2408,1753 2211,1745 2019,1756 1986,1745 1902,1758 1858,1745 1827,1758 1802,1748 1756,1761 1530,1751 1484,1763 1466,1751 1438,1763 1390,1763"/>
        <Baseline points="1383,1747 1473,1746 1580,1746 1686,1744 1793,1742 1900,1740 2006,1739 2113,1737 2220,1734 2326,1733 2433,1731 2540,1730 2646,1728 2753,1726 2860,1725 2966,1724 3073,1722 3180,1722 3286,1721 3393,1721 3500,1722"/>
        <TextEquiv>
          <Unicode>suivant la loi aux époux Maillot la somme de cinquante trois francs </Unicode>
        </TextEquiv>
      </TextLine>

    
    
      <TextLine id="r1l23" >
        <Coords points="1387,1845 1392,1789 1428,1771 1474,1771 1512,1799 1538,1786 1571,1789 1600,1768 1633,1768 1669,1786 1689,1776 1702,1786 1751,1766 1914,1763 1991,1763 2086,1799 2191,1771 2224,1789 2252,1768 2304,1794 2339,1794 2375,1771 2432,1794 2570,1792 2600,1776 2621,1789 2682,1789 2698,1776 2744,1789 2772,1768 2816,1786 2941,1786 2984,1766 3008,1774 3043,1763 3077,1784 3230,1781 3289,1745 3379,1743 3430,1771 3486,1766 3496,1815 3486,1830 3440,1825 3412,1845 3394,1835 3363,1858 3317,1861 3266,1861 3194,1827 3118,1863 3002,1863 2959,1835 2928,1843 2882,1832 2823,1866 2762,1868 2634,1868 2575,1840 2511,1868 2475,1848 2383,1853 2344,1843 2324,1856 2296,1840 2178,1866 2165,1856 2060,1868 2009,1845 1971,1845 1922,1863 1840,1853 1815,1866 1784,1848 1753,1848 1679,1866 1630,1856 1610,1868 1564,1850 1489,1853 1433,1873 1392,1868"/>
        <Baseline points="1388,1847 1493,1847 1598,1845 1704,1845 1809,1844 1915,1842 2020,1841 2126,1839 2231,1838 2337,1836 2442,1833 2547,1832 2653,1830 2758,1828 2864,1826 2969,1824 3075,1823 3180,1821 3286,1819 3391,1817 3497,1817"/>
        <TextEquiv>
          <Unicode>trente cinq centimes  qu’ils leur doivent pour prix de travaux faits pas la </Unicode>
        </TextEquiv>
      </TextLine>

    
    
      <TextLine id="line_1527364686277_189" >
        <Coords points="1382,1955 1387,1904 1410,1914 1451,1894 1523,1920 1564,1886 1600,1899 1625,1881 1717,1879 1766,1907 1804,1879 1858,1876 1907,1912 1976,1912 1996,1894 2032,1886 2073,1899 2101,1881 2127,1891 2140,1879 2209,1896 2232,1881 2286,1907 2368,1868 2442,1866 2547,1873 2583,1899 2608,1881 2639,1899 2713,1899 2775,1861 2823,1896 2951,1894 2979,1881 3000,1894 3043,1894 3092,1891 3156,1856 3197,1853 3223,1853 3274,1889 3404,1886 3427,1873 3491,1886 3502,1920 3486,1943 3458,1930 3366,1930 3338,1950 3294,1935 3230,1945 3179,1937 3156,1948 3100,1937 3043,1968 2949,1968 2872,1948 2828,1966 2795,1943 2762,1943 2718,1958 2705,1948 2647,1948 2560,1976 2439,1978 2365,1958 2291,1955 2265,1966 2247,1953 2191,1971 2142,1958 2096,1960 2076,1973 2030,1958 1976,1981 1914,1955 1835,1989 1740,1989 1697,1966 1671,1981 1633,1981 1569,1963 1541,1978 1512,1963 1466,1971 1446,1986 1390,1971"/>
        <Baseline points="1383,1958 1488,1956 1594,1955 1700,1952 1806,1950 1912,1949 2018,1947 2124,1946 2230,1944 2336,1943 2443,1941 2549,1940 2655,1938 2761,1936 2867,1934 2973,1932 3079,1931 3185,1928 3291,1925 3397,1923 3504,1920"/>
        <TextEquiv>
          <Unicode>dame Maillot pour leur compte et d’après leurs ordres, plus une indemnité </Unicode>
        </TextEquiv>
      </TextLine>

    
    
      <TextLine id="line_1527364686279_191" >
        <Coords points="1382,2055 1387,2007 1405,2017 1433,1996 1469,2009 1489,1994 1523,1991 1571,2012 1602,2004 1643,2019 1712,2004 1730,2017 1802,2017 1886,1984 1960,1981 2009,2004 2045,1981 2086,1978 2314,1976 2368,2007 2416,1976 2462,2004 2498,2004 2565,1971 2611,1971 2639,1986 2657,1973 2705,1968 2749,1999 2790,1999 2805,1989 3015,1994 3066,1968 3102,1986 3133,1971 3161,1986 3197,1968 3233,1984 3253,1971 3284,1989 3461,1978 3489,1986 3499,2017 3468,2035 3386,2035 3356,2053 3330,2035 3292,2045 3264,2032 3220,2048 3095,2040 3056,2053 3031,2042 2874,2040 2828,2058 2798,2040 2741,2060 2693,2060 2664,2048 2603,2058 2483,2048 2462,2058 2426,2042 2368,2063 2324,2068 2288,2053 2227,2073 1996,2073 1932,2060 1904,2078 1881,2060 1868,2068 1830,2053 1789,2065 1745,2060 1715,2081 1664,2063 1612,2076 1587,2058 1530,2058 1495,2073 1448,2063 1420,2073 1390,2068"/>
        <Baseline points="1383,2056 1485,2055 1591,2052 1697,2051 1803,2051 1909,2049 2015,2048 2121,2047 2227,2046 2333,2045 2439,2043 2545,2043 2651,2042 2757,2039 2863,2037 2969,2036 3075,2033 3181,2030 3287,2026 3393,2022 3500,2018"/>
        <TextEquiv>
          <Unicode>de six francs pour temps perdu ; Les condamne solidairement aux </Unicode>
        </TextEquiv>
      </TextLine>

    
    
      <TextLine id="line_1527364686280_193" >
        <Coords points="1382,2163 1387,2091 1635,2088 1671,2099 1792,2083 1827,2109 1884,2081 1943,2122 2135,2119 2247,2114 2286,2086 2309,2086 2347,2114 2501,2112 2511,2101 2590,2109 2647,2088 2685,2106 2721,2088 2759,2106 2805,2104 2869,2076 2905,2096 2964,2060 3036,2099 3066,2099 3118,2071 3143,2068 3179,2086 3220,2058 3261,2076 3281,2060 3356,2063 3392,2076 3427,2050 3502,2050 3512,2119 3502,2137 3417,2132 3371,2152 3340,2135 3304,2145 3261,2135 3179,2137 3161,2150 2944,2145 2882,2168 2782,2158 2757,2170 2695,2170 2649,2155 2629,2173 2593,2160 2572,2170 2547,2158 2529,2170 2480,2163 2434,2176 2398,2155 2362,2173 2268,2178 2216,2158 2152,2158 2104,2178 1968,2170 1943,2181 1881,2165 1812,2168 1797,2178 1758,2165 1740,2176 1658,2168 1628,2186 1605,2178 1569,2193 1520,2176 1477,2196 1390,2196"/>
        <Baseline points="1383,2164 1486,2162 1599,2159 1711,2157 1824,2154 1936,2153 2049,2151 2162,2150 2274,2148 2387,2147 2499,2147 2612,2145 2724,2143 2837,2141 2950,2139 3062,2136 3175,2133 3287,2130 3400,2125 3513,2121"/>
        <TextEquiv>
          <Unicode>dépens taxés et liquidés en vers les demandeurs à la somme de quatre francs </Unicode>
        </TextEquiv>
      </TextLine>

    
    
      <TextLine id="line_1527364686282_195" >
        <Coords points="1382,2257 1387,2222 1520,2222 1533,2211 1735,2216 1766,2193 1804,2188 1845,2188 1863,2201 1894,2188 1930,2204 1989,2186 2032,2193 2076,2183 2114,2209 2186,2211 2219,2196 2250,2204 2275,2183 2309,2181 2339,2199 2365,2181 2403,2199 2432,2183 2513,2196 2565,2191 2585,2176 2644,2183 2705,2173 2731,2186 2746,2173 2772,2183 2790,2176 2833,2201 2918,2191 2956,2199 3005,2168 3079,2178 3197,2165 3253,2191 3315,2193 3407,2191 3445,2163 3481,2160 3494,2160 3504,2224 3481,2240 3320,2240 3287,2252 3269,2242 3187,2242 3153,2247 3130,2265 3092,2245 3041,2245 2956,2268 2869,2247 2833,2268 2787,2255 2767,2270 2677,2270 2647,2252 2618,2273 2593,2273 2567,2255 2549,2265 2521,2252 2457,2255 2416,2275 2365,2268 2291,2278 2273,2265 2250,2278 2176,2268 2142,2280 2048,2270 2027,2283 1886,2273 1863,2286 1784,2286 1753,2265 1704,2265 1612,2288 1561,2288 1530,2270 1464,2270 1436,2291 1387,2291"/>
        <Baseline points="1383,2259 1466,2259 1573,2258 1681,2258 1788,2258 1896,2256 2003,2255 2110,2255 2218,2253 2325,2252 2433,2249 2540,2247 2647,2246 2755,2243 2862,2241 2970,2238 3077,2235 3184,2234 3292,2231 3399,2228 3507,2225"/>
        <TextEquiv>
          <Unicode>cinquante deux centimes, et à celle de deux francs cinq centimes en vers le Trésor </Unicode>
        </TextEquiv>
      </TextLine>

    
    
      <TextLine id="line_1527364686283_197" >
        <Coords points="1382,2365 1387,2334 1436,2332 1469,2306 1512,2301 1592,2309 1756,2298 1822,2316 1850,2298 1891,2316 1943,2304 1973,2321 2040,2324 2068,2301 2112,2321 2170,2309 2255,2319 2270,2306 2293,2319 2324,2301 2352,2309 2406,2296 2429,2309 2449,2293 2478,2314 2557,2314 2570,2301 2624,2296 2698,2311 2759,2278 2841,2306 2897,2306 2974,2296 3033,2273 3107,2286 3130,2301 3159,2288 3230,2301 3284,2298 3330,2275 3379,2296 3404,2278 3496,2263 3507,2268 3517,2324 3509,2337 3412,2339 3394,2352 3310,2360 3266,2342 3251,2352 3210,2344 3128,2360 3105,2344 3069,2357 2997,2347 2938,2368 2833,2370 2777,2370 2744,2355 2688,2370 2575,2360 2531,2375 2439,2378 2350,2378 2334,2368 2304,2380 2240,2380 2176,2368 2150,2380 2104,2373 2022,2385 1909,2368 1881,2383 1863,2370 1799,2380 1779,2370 1745,2380 1661,2375 1617,2391 1587,2391 1564,2375 1497,2378 1482,2388 1469,2378 1390,2385"/>
        <Baseline points="1383,2366 1454,2366 1563,2366 1671,2364 1780,2364 1889,2364 1997,2363 2106,2362 2214,2361 2323,2360 2432,2358 2540,2357 2649,2354 2757,2352 2866,2349 2975,2346 3083,2343 3192,2339 3300,2335 3409,2331 3518,2327"/>
        <TextEquiv>
          <Unicode>Public pour le papier timbré de la présente minute, le papier timbré et </Unicode>
        </TextEquiv>
      </TextLine>

    
    
      <TextLine id="line_1527364686285_199" >
        <Coords points="1382,2470 1387,2444 1423,2444 1466,2414 1497,2421 1520,2411 1548,2429 1620,2442 1751,2439 1835,2437 1861,2424 1904,2432 1960,2416 1999,2424 2037,2401 2094,2401 2112,2411 2165,2403 2183,2414 2234,2408 2252,2396 2344,2396 2373,2416 2401,2393 2478,2408 2521,2391 2624,2388 2703,2388 2746,2408 2795,2398 2869,2416 2995,2414 3015,2401 3033,2411 3112,2411 3125,2398 3179,2408 3205,2391 3243,2408 3271,2385 3335,2375 3368,2398 3397,2380 3445,2403 3494,2385 3512,2426 3494,2444 3266,2449 3235,2475 3136,2475 3110,2460 3089,2467 3018,2457 2997,2470 2936,2462 2892,2480 2846,2480 2816,2465 2749,2478 2721,2467 2693,2485 2654,2465 2598,2485 2547,2475 2498,2490 2455,2490 2429,2472 2373,2493 2219,2485 2206,2496 2145,2496 2099,2475 2058,2472 2001,2501 1955,2501 1937,2488 1896,2498 1856,2478 1797,2490 1776,2483 1753,2501 1728,2496 1712,2506 1630,2480 1474,2485 1443,2506 1415,2490 1390,2498"/>
        <Baseline points="1383,2471 1468,2471 1576,2471 1683,2471 1791,2471 1899,2469 2006,2469 2114,2468 2221,2466 2329,2465 2437,2463 2544,2462 2652,2460 2759,2457 2867,2454 2975,2451 3082,2447 3190,2444 3297,2438 3405,2433 3513,2429"/>
        <TextEquiv>
          <Unicode>l’enregistrement de la citation, conformément à la loi du sept aout </Unicode>
        </TextEquiv>
      </TextLine>

    
    
      <TextLine id="line_1527364686287_201" >
        <Coords points="1382,2575 1387,2521 1438,2547 1628,2544 1694,2519 1756,2513 1792,2531 1807,2519 1879,2511 1930,2511 1976,2531 2030,2513 2106,2531 2147,2519 2186,2531 2247,2531 2314,2529 2375,2501 2403,2501 2449,2526 2496,2526 2560,2498 2616,2516 2677,2496 2721,2506 2752,2493 2862,2493 2944,2513 3015,2508 3048,2493 3107,2513 3148,2493 3187,2511 3233,2511 3302,2508 3333,2488 3358,2503 3386,2493 3461,2503 3507,2485 3517,2531 3509,2565 3484,2549 3427,2560 3368,2549 3328,2572 3299,2552 3264,2552 3233,2565 3192,2557 3159,2580 3118,2588 2969,2590 2913,2560 2851,2590 2803,2567 2734,2595 2662,2572 2616,2590 2570,2567 2496,2585 2432,2575 2396,2585 2383,2575 2329,2603 2247,2606 2196,2577 2122,2608 2099,2608 2050,2583 1991,2606 1950,2588 1917,2603 1881,2580 1827,2611 1774,2593 1717,2606 1676,2590 1617,2611 1569,2611 1518,2593 1482,2611 1454,2590 1390,2590"/>
        <Baseline points="1383,2576 1452,2577 1561,2577 1670,2577 1779,2576 1887,2576 1996,2576 2105,2574 2214,2573 2322,2571 2431,2570 2540,2567 2649,2565 2757,2562 2866,2559 2975,2555 3084,2552 3192,2547 3301,2543 3410,2538 3519,2532"/>
        <TextEquiv>
          <Unicode>mil huit cent cinquante, en ce, non compris le cout du pressent jugement </Unicode>
        </TextEquiv>
      </TextLine>

    
    
      <TextLine id="line_1527364686289_203" >
        <Coords points="1382,2698 1387,2654 1420,2654 1495,2618 1559,2618 1584,2631 1648,2616 1743,2624 1832,2611 1922,2611 1940,2621 1971,2608 2012,2634 2037,2624 2055,2636 2099,2639 2158,2626 2170,2634 2227,2608 2324,2629 2398,2616 2421,2626 2442,2616 2465,2631 2511,2631 2575,2629 2593,2616 2621,2626 2654,2606 2688,2626 2769,2624 2790,2608 2805,2618 2851,2595 2913,2618 2956,2618 2979,2600 3002,2613 3074,2618 3105,2595 3156,2606 3220,2583 3322,2611 3415,2611 3466,2598 3484,2606 3507,2595 3522,2606 3532,2649 3525,2672 3466,2672 3453,2682 3438,2672 3386,2675 3345,2690 3328,2682 3284,2716 3174,2718 3143,2698 3095,2716 3059,2693 3028,2700 3010,2688 2890,2688 2872,2698 2795,2693 2739,2718 2670,2695 2624,2731 2572,2731 2503,2700 2455,2734 2403,2734 2332,2711 2301,2728 2250,2703 2227,2711 2181,2700 2150,2726 2119,2708 2083,2705 2060,2718 2045,2711 2024,2726 1999,2726 1973,2708 1945,2726 1914,2708 1843,2708 1789,2741 1753,2718 1710,2734 1689,2726 1651,2744 1628,2739 1605,2754 1387,2757"/>
        <Baseline points="1383,2699 1464,2696 1573,2694 1682,2692 1791,2691 1900,2690 2009,2690 2118,2690 2227,2688 2336,2688 2445,2688 2553,2688 2662,2687 2771,2685 2880,2684 2989,2681 3098,2677 3207,2673 3316,2667 3425,2661 3534,2652"/>
        <TextEquiv>
          <Unicode>la signification d’icelui et ses suites. Et vu les articles 435 du code de</Unicode>
        </TextEquiv>
      </TextLine>

    
    </TextRegion>
    
  </Page>
</PcGts>
