3072 4608
963 295 2864 426 Eugène Siégard a été fixé à quatre anneés par les conventions intervenues
944 345 2880 514 entre les parties en Décembre mil huit cent cinquante cinq ; que Siégart devait
959 433 2853 599 employer l'apprenti à faire la place comme à la fabrication de la passementerie ;
971 518 2872 679 que d ultérieure convint, et afin d'encourager l'apprenti, Siégard lui a promis une
940 614 2822 764 rémunération de dix francs par mois tant qu'il continuerait à le contenter ;
944 695 2864 860 attendu qu'il résulte, tant des dires des parties à l'audience que des renseignements
917 787 2880 948 pris par le Conseil que conformément aux dites conventions, l'apprenti était
936 887 2876 1036 employé une partie de la journée à faire la place et l'autre partie en charge
936 963 2895 1128 de la fabrique, qu'il avait à sa disposition un métier sur lequel il pouvait
929 1059 2891 1213 monter sous la surveillance d'un premier ouvrier chargé de l'instruire en
933 1148 2883 1297 l'absence de Siégard ; Attendu qu'il resulte également des explications de la cause
913 1240 2891 1390 que Siégard a toujours donné au mineur Legouge les dix francs promis
925 1336 2872 1478 quoiqu'il n'eut pas toujours lieu de se louer de sa conduite dans le travail
921 1424 2880 1574 que si, dans ces derniers temps, cette somme ne lui a pas été donnée en espèces,
933 1512 2880 1666 elle lui à été donnée en fourniture de vêtements ; attendu qu'il est
929 1616 2899 1758 constant et acquis au Conseil que plus de six mois avant le jour de sa sortie
933 1701 2891 1854 de chez Siégard l'apprenti Legouge, malgré la défense qui lui en a été plusieur
921 1797 2891 1939 faite pour son patron, entretint des intelligences avec Bois, qu'à partir du jour
921 1889 2891 2031 ou des rapports furent établis entre Bois et l'apprenti la conduite de ce
925 1985 2895 2119 dernier chez son patron, à été toute différente de ce qu'elle était précédemment
906 2085 2906 2208 Que son admission chez Bois le jour même qu'il quitta le domicile
925 2177 2914 2300 de Siégard envers lequel il est lié n'est pas un fait né de circonstances
921 2280 2895 2384 naturelles ; mais le résultat de manœuvres illicites qui constituent, de
917 2357 2910 2488 la part de Bois, un cas de détournement d'apprenti, délit prévu
894 2457 2906 2580 par l'article Treize de la loi du quatre Mai mil huit cent cinquante
890 2545 2906 2676 un ; Attendu que de la rupture des conventions verbales d'apprentissage
894 2641 2895 2764 dont s'agit il résulte que Siégard éprouve un préjudice que le Conseil
910 2741 2880 2853 ayant les éléments nécessaires, estime à la somme de Deux Cents
856 2833 2891 2945 francs et que la veuve Legouge et auguste Legouge lui en doivent la
902 2926 2914 3041 réparation ; attendu que Bois s'est rendu passible du paiement de
890 3022 2899 3129 cette indemnité ; Par ces motifs - Le Bureau Général jugeant en
898 3121 2822 3217 premier ressort ; Dit que les conventions verbales d'apprentissage
898 3210 2895 3313 intervenues entre Siégard et la veuve Legouge et auguste Legouge
887 3302 2895 3406 en décembre mil huit Cent Cinquante Cinq, sont et demeureront
894 3398 2895 3502 résolues ; Condamne la veuve Legouge et auguste Legouge
898 3490 2914 3594 solidairement à payer avec intérêts suivant la loi à Siégard la
890 3578 2864 3694 somme de deux cents francs à titre d'indemnité ; Dit Bois
879 3671 2914 3793 responsable du paiement de cette somme pour laquelle il pourra
898 3763 2918 3886 être poursuivi en vertu du présent jugement ; Condamne la dame
879 3855 2914 3974 Veuve Legouge et Legouge auguste solidairement aux dépens
871 3947 2906 4116 taxés et liquidé envers le demandeur à la somme de quatre
