4608 3072
1582 389 3463 491 Général jugeant en dernier ressort ; Condamne Ritaud,
1556 455 3499 591 Fleury et compagnie à payer solidairement et avec intérêts
1536 550 3512 686 suivant la loi à Weltzer et Quiviez la somme de quatre francs,
1543 637 3496 773 à chacun d'eux, pour salaire ; Les Condamne à leur payer
1528 747 3514 857 en outre à chacun la somme de Cinq francs pour indenmité
1523 832 3496 965 du temps qu'il leur ont fait perdre à ce jour par le refut de leur
1525 929 3468 1044 remettre leur Livret signé ; Dit et ordonne que les sieurs
1512 1011 3484 1144 Ritaud, Fleury et compagnie remettront à chacun des
1523 1116 3512 1244 demandeurs leur livret signé à la sortie et ce, dans la journée
1528 1213 3514 1349 du dix neuf Juin mil huit cent Cinquante huit, sinon et faute
1507 1310 3509 1436 par eux de ce faire dans le dit jour ; Les condamne dès à présen
1525 1405 3509 1523 à leur payer solidairement et à chacun d'eux la somme de
1528 1507 3496 1628 deux francs par chaque jour qu'ils tarderont à effectuer cette
1515 1587 3514 1722 remise ; Condamne Ritaud Fleury et Compagnie aux dépens
1497 1692 3509 1812 taxés et liquidés envers les demandeurs à la somme de six francs
1479 1789 3507 1907 Cinquante six centimes et à celle de un franc soixante dix centim
1487 1896 3517 2007 envers le Trésor Public pour le papier timbré de la présente minute
1515 1976 3491 2106 le papier timbré et l'enregistrement de la citation, Conformément à
1512 2081 3517 2196 la loi du sept Août mil huit cent Cinquante, ence, non compris le cout
1505 2173 3509 2298 du présent jugement, la signification d'icelui et ses suites.
1536 2273 3079 2426 Ainsi jugé les jour mois et an que dessus.
