4608 3072
1241 911 3642 1041 pour le profit adjuger au demandeur les conclusion par lui précedemment
1239 1008 3650 1154 prises ? Que devait-on statuer à l'égard des dépens ? Après avoir entendu
1256 1126 3648 1251 Fortin en ses demandes et conclusions et en avoir délibéré conformément
1233 1228 3663 1382 à la loi ; attendu que la demande de Fortin parait juste et fondée ; que
1231 1356 3663 1497 d'ailleurs elle n'est pas contestées par Clavière non comparant ni personne
1205 1466 3668 1607 pour lui quoique dument appelé ; Par ces motif - Le Bureau Général
1192 1584 3676 1722 jugeant en premier ressort = Donne défaut contre Clavière non comparant
1177 1687 3683 1850 ni personne pour lui quoique dument appelé ; Et adjugeant le
1200 1799 3706 1958 profit du dit défaut ; Dit et ordonne que dans le journée
1221 1917 3681 2065 du présent jugement Clavière sera tenu de faire rentrer son
1200 2035 3709 2188 fils Louis Clavière dans les atelier de Fortin ou il devra rester
1187 2155 3724 2309 en qualité d'apprenti jusqu'à l'âge de seize ans, sinon et faute par
1221 2278 3676 2429 lui de ce faire dans le jour et icelui passé le condamner
1210 2396 3747 2549 dès à présent à payer à Fortin la somme de cinquante
1192 2521 3747 2672 francs avec intérêts suivant la loi à titre d'indemnité pour
1177 2631 3752 2800 inéxécution de convention verbale d'apprentissage ; Condamner
1198 2757 3776 2941 Clavière aux dépens taxés et liquidés envers le demandeur à la
1209 2940 3736 3051 Somme de un franc quatre vingt centimes, et à celle de
