4608 3072
1282 158 3888 294 signification du présent jugement la dame veuve Bouquet sera tenue de
1233 256 3898 424 faire rentrer a fille chez les époux Yékiche pour y continuer son apprentissage
1280 381 3875 529 aux termes de la convention verbale du quinze octobre mil huit cent cinquante
1269 496 3860 652 six, sinon et faut par elle de ce faire la convention verbale dont s’agit
1295 616 3880 755 sera et demeurera résolu ; Et pour le tors que l’inexécution de cette
1310 737 3883 872 convention cause aux époux Yékiche Condamne dès a présent
1223 867 3883 988 la veuve Bouquet à leur payer avec intérêts selon la loi la somme
1303 990 3855 1116 de trois cent francs ; Ordonne l’exécution provisoire du présent
1305 1116 3919 1239 jugement, nonobstant appel jusqu’à concurrence de deux cents francs,
1269 1223 3898 1351 nonobstant appel et sans qu’il soit besoin par les demandeurs de fournir
1269 1344 3893 1474 caution, conformément à l’article quatorze de la loi du premier juin
1262 1472 3904 1589 mil huit cent cinquante trois ; Condamner la veuve Bouquet  aux
1285 1574 3888 1715 dépens  taxés et liquidés en vers les demandeurs à la somme de de trois
1272 1697 3924 1848 francs trente six centimes, et à celle de deux francs vingt cinq centimes
1264 1820 3952 1963 envers le Trésor Public pour le papier timbré de la présent minute, le
1280 1932 3957 2101 papier timbré et l’enregistrement de la citation, conformément à la loi
1277 2065 3904 2219 du sept aout mil huit cent cinquante, ence, non compris le cout du
1262 2170 3988 2342 présent jugement, la signification d’icelui et ses suites. Et vu les articles
1295 2319 3957 2462 435 du code de procédure civile, 27 et 42 du décret du onze juin 1809 pour
1287 2429 3947 2600 signifier à la défenderesse le présent jugement, commet Fontaine, l’un de ces
1282 2562 3719 2746 huissiers audiences. Ainsi jugé les jour, mois et an que dessus.
