3072 4608
1459 230 2234 318 Dudit jour onze Juin
729 276 2795 437 Entre Madame Alphonsine Bourbault, Couturière en
687 384 2810 552 robes, épouse assistée et autorisée du sieur Louis Camille Chardon
691 483 2810 637 et ce dernier demeurant et domiciliés ensemble, les dits époux, à Paris,
679 583 2810 729 rue des Trois Pavillons, numéro six ; Demandeurs; Comparant ;
675 687 2822 837 D'une part ; Et Monsieur Levinslin, demeurant à Paris, rue
695 775 2803 921 Pavée, numéro huit, agissant au nom et comme chargé de
687 883 2818 1021 l'administration de la personne et des biens de sa fille mineur
698 979 2803 1132 Fanny Levinslin ; apprentie ; Défendeur ; Comparant ;
672 1067 2826 1232 D'autre part ; Point de fait — Par lettres du secrétaire du Conseil
672 1175 2810 1317 de Prud'hommes du Département de la Seine pour l'industrie des
691 1278 2826 1420 Tissus en dates des Mardi vingt cinq et Mercredi Vingt six Mai
652 1378 2818 1528 Mil huit Cent Cinquante huit les époux Chardon firent citer
668 1482 2837 1628 Levinslin, es noms et qualités qu'il agit, à Comparaître par devant
648 1585 2810 1727 ledit conseil de Prud'hommes séant en Bureaux Particuliers les
668 1689 2830 1827 Mercredi Vingt six et Samedi vingt neuf Mai mil huit Cent cinquante
656 1785 2833 1943 huit pour se Concilier si faire se pouvait sur la demande qu'ils entendait
664 1908 2837 2027 former Contre lui devant ledit Conseil en éxécution de Convention
664 2008 2837 2127 verbales d'apprentissage. Levinslin n'ayant pas comparu la
652 2108 2833 2231 cause fut renvoyée devant le Bureau Général dudit conseil
648 2215 2837 2342 séant le vendredi quatre juin mil huit Cent Cinquante huit Cite
664 2319 2841 2446 pour ledit jour quatre Juin par lettre du secrétaire du Conseil
664 2430 2837 2538 de Prud'hommes en date du samedi vingt neuf Mai Levinslin
641 2526 2849 2638 ne Comparut pas. Les époux Chardon obtinrent du Président
648 2626 2853 2757 du Conseil l'autorisation de le faire citer par exploit d'huissier
648 2734 2837 2849 suivant exploit de Potin, huissier à Paris, en date du sept Juin
541 2833 2841 2960 mil huit Cent Cinquante huit, visé pour timbre et Enregistré à Paris
629 2945 2833 3052 le huit Mai mil huit cent cinquante huit, en débet de un franc
614 3045 2860 3164 Vingt cinq centimes, folio trente cinq, case un, signé; L. Drevon
629 3148 2845 3267 les époux Chardon firent citer Levinslin, ès noms qu'il agit, à comparaître
625 3256 2833 3371 par devant le Bureau Général séant le dit jour onze juin pour,
633 3359 2845 3467 ouïr dire et ordonner qu'il sera tenu de, dans lejour du jugement
652 3463 2837 3578 à intervenir, faire rentrer sa fille dans les ateliers de Madame Chardon
629 3567 2845 3694 pour y continuer son apprentissage fait pour un an à partir du mois
645 3674 2864 3793 de Décembre mil huit cent cinquante, sinon que les conventions verbales
641 3778 2830 3882 dudit apprentissage seront et demeureront résolues et qu'il sera
625 3863 2849 3989 tenu de leur payer la somme de Cent francs à titre d'indemnités
625 3978 2784 4093 plus, à payer telle indemnité qu'il plaira au Conseil fixer pour
591 4070 2837 4208 perte de temps, réquérant intérêts et dépens. A l'appel de la cause
629 4181 2826 4316 les époux Chardon se présentèrent et conclurent à ce qu'il plut au
610 4285 2826 4442 Bureau Général du dit Conseil Dire et ordonner que dans le jour
