4608 3072
1418 1157 3809 1310 fondée ; que d’ailleurs elle n’est pas contestée par Viéville non
1392 1277 3729 1441 comparant ni personne pour lui quoique dument appelé ;
1410 1369 3842 1538 Par ces motifs – Le Bureau Général jugeant en premier ressort
1418 1500 3806 1635 Donne défaut contre Viéville non comparant ni personne pour
1413 1610 3778 1738 Lui quoique dument appelé ; Et adjuger le profit du dit défaut ;
1418 1725 3806 1850 Dit et ordonne que dans les vingt quatre heures qui suivront
1384 1820 3845 1966 la signification du présent jugement Viéville sera tenu de faire
1390 1950 3845 2076 rentrer sa fille dans les atelier des époux Didier pour y continuer
1372 2083 3806 2170 son apprentissage aux termes de la convention verbale du premier s
1410 2176 3850 2301 eptembre mil huit cent cinquante sept, sinon et faute par lui
1405 2301 3842 2398 de ce faire dans le dit délai et icelui passé le Condamner dès à
1374 2406 3860 2506 présent à payer aux époux Didier la somme de cinquante
1390 2526 3834 2636 francs à titre d’indemnité ; Dit que le présent jugement sera
1382 2636 3814 2757 exécutaire par provision, nonobstant appel et sans qu’il soit
1364 2765 3854 2864 besoin par les demandeurs de fournir caution, conformément
1408 2862 3860 3002 à l’article quatorze de la loi du premier mil huit cent cinquante
