4608 3072
1144 143 4011 276 causé un préjudice de perte de temps, ce qu’il doit réparer.
1136 256 3916 399 Par ces motifs - le Bureau Général jugeant en dernier ressort –
1128 378 4021 519 Donne défaut contre Roguer non comparant ni personne pour
1113 524 3980 642 lui quoique dument appelé ; Et adjugeant le profit du dit défaut ;
1134 622 4044 770 Condamner Roger à payer avec intérêts suivant la loi à Denhard
1103 775 4034 903 la somme de quatorze francs qu’il lui doit pour prix de travaux
1049 901 4032 1029 par lui faits pour son compte, d’après ses ordres et dans ses ateliers,
1103 1047 4075 1157 plus une indemnité de neuf francs pour temps perdu ; Le condamne
1113 1187 4011 1282 en outre aux dépens taxés et liquidés en vers le demandeur à la
1126 1318 4078 1428 somme de deux francs quarante six centimes, et à celle de un francs
1100 1448 4090 1556 quarante centimes envers le Trésor Public pour le papier timbré
1116 1582 4078 1697 de la présente minute, le papier timbré et l’enregistrement de la
1105 1715 4116 1840 citation, conformément à la loi du sept aout mil huit cent cinquante huit,
1095 1838 4075 1973 ence, non compris le cout du présent jugement, la signification d’celui
1093 1968 4096 2112 et ses suites. Et vu les articles 437 du code de procédure civilise, 27 et 42
1088 2119 4060 2247 du décret du onze juin 1809 pour signifier au défendeur le présent
1064 2252 4136 2406 jugement, Comme Fontaine, l’un de ses huissiers audiencier.
1036 2403 3043 2639 Ainsi jugé les jour, mois et an que dessus.
