4608 3072
1144 732 3947 898 trois ; Condamne Viéville aux dépens taxé et liquidés en vers
1131 844 3950 1024 les demandeurs à la somme de six francs trente six centimes et à
1162 980 3952 1154 celle de deux francs vingt cinq centimes envers le Tésor Public
1126 1108 3968 1292 pour le papier timbré de la présente minute, le papier timbré et
1146 1267 3970 1423 l’enregistrement de la citation, conformément à la loi du sept aout
1136 1410 3965 1551 mil huit cent cinquante, ence, non compris le cout du présent jugement,
1139 1533 3980 1684 la signification d’icelui et ses suites. Et vu les articles 435 du code de
1103 1687 3993 1840 procédure civile, 27 et 42 du décret du onze juin 1809, pour signifier
1131 1815 4001 1971 au défendeur le présent jugement, commet Fontaine, l’un de ces
1152 2001 4006 2155 huissiers audiencier. Ainsi jugé les jour, mois et ans que dessus.
