4608 3072
1300 1057 3607 1182 Particulier du dix neuf Janvier que Boyer a enseigné la profession
1305 1175 3612 1300 à Borne ; qu’une somme devait lui être payée en retour ; qu’aux dires
1290 1269 3612 1420 de la dame Borne elle même, et, bien que cette
1297 1400 3627 1528 Boyer, une somme de cinquante francs aurait été donnée à compte
1292 1495 3627 1628 sur celle à payer ; que ce paiement de cinquante  francs ne pourrait être
1297 1612 3624 1743 considéré comme le prix fixé par les parties puisque la dame Borne
1318 1715 3612 1866 a offert de payer encore celle de trente francs ; considérant que le prix
1292 1817 3642 1978 d’apprentissage ne pouvait valoir plus de quatre vingt francs ; attendu que
1308 1958 3648 2096 l'absence de preuves suffidantes les parties se bornent à nier chacun de
1292 2060 3635 2222 leur coté, même les choses qui paraissent évidente : Boyer avoir reçu la
1285 2188 3635 2327 somme de cinquante francs que la dame borde a déclaré lui avoir donnée
1310 2280 3632 2455 à compte sur l’apprentissage, Borne avoir appris à travailler lorsqu’il
1318 2393 3645 2549 déclare qu’avant l’achat de sa machine et l’arrivée chez lui de Boyer
1295 2498 3658 2657 il ne connaissant rien à l’état qu’il professe aujourd’hui ; attendu que la cour
1295 2621 3658 2775 reconnait qu’il reste du à Boyer une partie du paiement qui devait
1285 2718 3650 2944 lui être fait pour l’apprentissage ; qu’il fixe à cinquante francs
