1941 3264
598 195 1608 296 — Dudit jour Vingt quatre Janvier —
343 261 1785 361 Entre Monsieur Yvon, ouvrier et placier en fleurs, demeurant
323 337 1804 432 à Paris, rue des Missions, numéro vingt sept ; Demandeur ;
258 399 1788 503 Comparant ; D'une part ; Et Monsieur Monnier, fabricant
351 473 1753 579 de fleurs artificielles, demeurant et domicilié à Paris, rue
326 552 1758 644 Vivienne, numéro vingt un ; Défendeur ; comparant ;
337 617 1747 723 D'autre part ; Point de fait = Par lettre du secrétaire du
337 696 1788 791 Conseil de Prud'hommes du Département de la Seine pour
343 767 1788 862 l'industrie des Tissus en date des Jeudi dix sept Janvier mil
337 826 1750 930 huit cent soixante dix huit Yvon fit citer Monnier à
343 894 1788 1009 comparaître par devant le dit conseil de Prud'hommes séant
353 965 1810 1071 en Bureau Particulier le Vendredi dix huit Janvier mil
364 1041 1796 1139 huit cent soixante dix huit pour se concilier si faire se pouvait
340 1109 1780 1215 sur la demande qu'il entendait former contre lui devant le dit
326 1183 1761 1281 conseil en paiement de la somme de huit cent de dommages-
345 1243 1788 1357 intérêts pour inéxécution de conventions verbales de travail.
329 1313 1766 1436 A l'appel de la cause Yvon se présenta et exposa au conseil
343 1379 1796 1496 que suivant convention en date du quinze Novembre dernier
345 1452 1793 1564 Monnier s'engagé à l'employer chez lui pendant treize
348 1520 1772 1645 mois aux appointements de deux cents francs par mois et
362 1591 1796 1708 une provision de cinq pour cent sur les affaires qu'il lui
362 1651 1780 1770 aménerait ; Que dans ces derniers temps et à cause de la
353 1721 1815 1846 pénurie des affaires, fait dont il ne saurait être responsable
340 1795 1799 1914 puisqu'il atteint la fabrique en général, il a été brusquement
329 1849 1802 1980 remercié. De son coté Monnier se présenta et exposa au
329 1933 1802 2050 Conseil qu'en effet il engagea Yvon aux conditions et pour le
353 1993 1813 2127 temps qu'il vient d'exposer, mais le dit Yvon, de son coté,
334 2067 1818 2197 s'était engagé à lui faire faire des affaires pour une somme
348 2151 1777 2268 de cinquante mille francs dans l'année ; Que deux mois
359 2203 1780 2336 et demi et plus s'écoulèrent sans qu'il fit aucune affaire, de
364 2273 1832 2401 plus, le demandeur, pour tromper sa surveillance, simula
364 2339 1793 2475 des relations expectantes dans la fausseté lui étant démontrée il
383 2415 1851 2540 dut, manquant de confiance, prendre la seul partie qu'il lui était
364 2483 1804 2611 détermination qu'il a prise de le congédier. Les parties
359 2548 1818 2681 n'ayant pu être conciliées la cause fut renvoyée devant le Bureau
321 2622 1799 2752 Général du conseil séant le Jeudi Vingt quatre Janvier mil
367 2679 1813 2807 huit cent soixante dix huit _ Cité pour le dit jour vingt quatre
362 2752 1807 2875 Janvier par lettre du secrétaire du conseil en date du
364 2823 1804 2932 dix huit Janvier mil huit cent soixante dix huit à la requête
321 2885 1859 2994 d'Yvon Monnier comparut. A l'appel de la cause Yvon
340 2951 1856 3087 se présenta et conclut à ce qu'il plut au Bureau Général du
370 3027 1856 3171 Conseil attendu que Monnier qui s'était engagé à l'employer
