<?xml version="1.0" encoding="UTF-8"  standalone="yes"?>
<PcGts xmlns="http://schema.primaresearch.org/PAGE/gts/pagecontent/2019-07-15" xmlns:xsi="http://www.w3.org/2001/XMLSchema-instance" xsi:schemaLocation="http://schema.primaresearch.org/PAGE/gts/pagecontent/2019-07-15 http://schema.primaresearch.org/PAGE/gts/pagecontent/2019-07-15/pagecontent.xsd">
  <Metadata>
	<Creator>escriptorium</Creator>
	<Created>2021-05-10T12:12:01.016080+00:00</Created>
    <LastChange>2021-05-10T12:12:01.016103+00:00</LastChange>
  </Metadata>
  <Page imageFilename="IMG_20190620_123407.jpg" imageWidth="2223" imageHeight="3376">

    
    <TextRegion id="eSc_textblock_177d13f0"  >
      <Coords points="1190,101 2087,168 2132,213 2144,1820 2065,1868 2099,2090 2042,2146 1865,2191 1840,2292 1750,2329 1941,2374 2147,2486 2200,2419 2200,2855 2121,2880 2200,2990 2132,2993 2121,3204 1952,3283 585,3238 506,3193 483,2644 405,2607 281,2675 225,2619 225,2520 346,2498 382,2396 953,2351 1080,2239 1269,2225 1255,2180 1077,2124 787,2146 529,2034 506,1823 472,1808 506,1688 481,1640 405,1662 391,1583 368,1662 424,1676 424,1730 368,1766 368,1865 256,1797 166,1831 90,1797 180,1046 334,1057 360,911 424,922 447,990 506,886 506,798 461,773 506,492 472,382 517,334 540,146 1190,101"/>
      
    </TextRegion>
    
    <TextRegion id="eSc_textblock_12431121"  >
      <Coords points="416,1789 436,1789 424,1831 416,1831 416,1789"/>
      
    </TextRegion>
    

    
    <TextRegion id="eSc_dummyblock_">
    
    
      <TextLine id="r6l1" >
        <Coords points="534,205 540,143 590,146 621,126 644,149 785,151 846,112 875,123 920,112 937,126 945,118 993,132 1013,151 1027,140 1088,165 1117,140 1153,151 1181,123 1209,123 1418,132 1449,137 1468,157 1505,160 1533,146 1570,171 1615,149 1643,163 1682,146 1722,180 1786,151 1803,171 1848,182 1888,177 1933,191 1966,180 1997,202 2042,202 2054,191 2071,205 2121,205 2127,267 2062,264 2042,247 1952,230 1921,241 1905,222 1854,227 1834,213 1491,199 1384,196 1361,208 1345,196 1308,213 1235,196 1088,216 571,205"/>
        <Baseline points="536,207 615,208 695,209 774,208 854,206 934,204 1013,201 1093,198 1172,196 1252,193 1332,192 1411,191 1491,191 1570,193 1650,197 1730,202 1809,210 1889,220 1968,233 2048,249 2128,268"/>
        <TextEquiv>
          <Unicode>Après avoir entendu Mauduit en ses demandes et conclusions</Unicode>
        </TextEquiv>
      </TextLine>

    
    
      <TextLine id="r6l2" >
        <Coords points="543,284 548,236 574,227 588,239 759,233 785,244 889,244 953,205 979,230 998,213 1035,222 1060,208 1086,233 1108,225 1150,250 1215,208 1252,211 1280,233 1319,211 1356,247 1395,244 1446,216 1474,216 1494,236 1527,216 1640,219 1674,256 1696,256 1739,222 1834,225 1848,236 1868,230 1902,258 1921,247 1981,275 2048,275 2079,261 2087,323 2048,329 1964,312 1941,326 1871,326 1812,292 1761,289 1679,289 1637,317 1595,317 1564,286 1542,284 1218,286 1212,275 1153,292 1139,281 1114,301 1094,281 1004,295 953,281 934,298 875,284 810,298 728,284 697,295 545,289"/>
        <Baseline points="544,286 621,286 698,286 775,285 852,283 930,281 1007,279 1084,277 1161,275 1238,273 1316,272 1393,271 1470,272 1547,273 1624,276 1702,280 1779,285 1856,292 1933,301 2010,311 2088,325"/>
        <TextEquiv>
          <Unicode>et en avoir délibéré conformément à la loi ; Attendu que les</Unicode>
        </TextEquiv>
      </TextLine>

    
    
      <TextLine id="r6l3" >
        <Coords points="551,354 557,309 610,303 661,315 771,306 782,317 835,317 863,303 886,320 906,306 925,317 970,286 1018,323 1043,312 1072,317 1103,298 1148,323 1229,289 1263,320 1285,306 1316,320 1345,295 1392,295 1415,317 1446,317 1468,298 1522,298 1581,301 1615,331 1657,303 1710,315 1809,306 1865,340 1893,331 1910,348 2006,320 2107,343 2113,399 2042,402 1941,374 1899,388 1871,365 1837,379 1806,365 1767,376 1705,360 1688,374 1674,360 1435,351 1345,357 1308,379 1263,379 1235,351 1198,362 1184,346 1145,362 1111,351 1072,371 1038,357 993,368 970,357 920,368 906,354 892,365 554,357"/>
        <Baseline points="554,356 632,357 710,358 788,357 866,356 944,355 1022,352 1100,350 1178,348 1256,346 1335,345 1413,344 1491,345 1569,346 1647,348 1725,353 1803,358 1881,366 1959,376 2037,388 2116,402"/>
        <TextEquiv>
          <Unicode>demandes de Mauduit paraissant juste et fondées ; Que</Unicode>
        </TextEquiv>
      </TextLine>

    
    
      <TextLine id="r6l4" >
        <Coords points="565,427 576,362 616,385 697,365 728,388 762,391 818,391 835,374 852,393 939,385 953,396 1004,396 1027,376 1052,399 1117,396 1150,368 1176,391 1198,379 1246,396 1263,382 1288,399 1308,399 1350,368 1480,371 1519,385 1544,374 1578,402 1609,399 1643,376 1750,379 1803,407 1862,385 1907,413 1955,388 1986,388 2026,430 2104,430 2110,475 2087,483 2045,469 2031,483 1992,452 1961,461 1927,447 1907,455 1874,444 1860,452 1570,433 1522,433 1488,458 1446,464 1390,427 1336,427 1311,441 1294,433 1283,444 1269,430 1156,430 1128,455 1060,452 1041,433 886,447 568,436"/>
        <Baseline points="566,429 643,432 720,434 797,435 875,434 952,433 1029,431 1107,429 1184,427 1261,425 1339,423 1416,422 1493,421 1570,422 1648,424 1725,427 1802,432 1880,440 1957,450 2034,461 2112,476"/>
        <TextEquiv>
          <Unicode>d&#39;ailleurs elles ne sont pas contestées par Planchenot non</Unicode>
        </TextEquiv>
      </TextLine>

    
    
      <TextLine id="r6l5" >
        <Coords points="531,514 537,472 650,475 680,455 703,478 768,478 796,461 824,478 866,481 886,467 908,481 937,458 965,481 1032,472 1058,483 1148,467 1162,478 1190,458 1263,481 1302,458 1443,461 1508,486 1536,467 1561,483 1584,472 1626,489 1688,467 1710,467 1727,483 1778,478 1812,492 1876,472 1907,492 1927,483 1944,500 1969,492 2023,500 2059,486 2082,489 2087,542 2079,557 2006,557 1972,540 1941,557 1798,554 1758,514 1547,520 1429,509 1418,520 1406,509 1314,506 1167,512 1128,540 1091,540 1069,517 1041,531 1004,514 911,528 877,514 779,514 765,526 731,517 714,528 678,514 641,531 534,523"/>
        <Baseline points="534,515 611,516 689,516 767,516 845,515 923,513 1000,512 1078,510 1156,508 1234,506 1312,504 1389,503 1467,503 1545,503 1623,505 1701,508 1778,511 1856,517 1934,524 2012,532 2090,543"/>
        <TextEquiv>
          <Unicode>comparant ni personne pour lui quoique dument appelé ;</Unicode>
        </TextEquiv>
      </TextLine>

    
    
      <TextLine id="r6l6" >
        <Coords points="526,596 531,557 799,562 818,559 858,520 894,537 951,520 996,565 1021,565 1041,548 1060,565 1108,557 1150,526 1181,526 1240,565 1308,554 1345,528 1387,528 1556,534 1587,565 1612,540 1634,557 1671,548 1730,568 1789,548 1826,579 1871,562 1885,576 1913,576 1966,548 2011,585 2096,587 2102,627 2014,627 1938,607 1865,616 1803,599 1674,599 1626,618 1606,599 1575,613 1558,596 1519,593 1457,593 1443,604 1432,593 1364,590 1333,607 1302,590 1266,599 1215,587 1150,593 1139,604 1100,587 1041,587 998,607 922,593 908,604 818,593 529,596"/>
        <Baseline points="528,598 606,598 685,598 764,596 843,594 922,593 1000,590 1079,588 1158,587 1237,585 1316,584 1394,584 1473,584 1552,585 1631,587 1710,590 1788,595 1867,601 1946,608 2025,618 2104,629"/>
        <TextEquiv>
          <Unicode>Par ces motifs = Le Bureau Général jugeant en dernier</Unicode>
        </TextEquiv>
      </TextLine>

    
    
      <TextLine id="r6l7" >
        <Coords points="517,678 523,621 545,621 568,641 602,613 641,635 714,624 751,641 976,644 1024,613 1063,638 1119,599 1162,618 1221,624 1246,604 1263,613 1308,599 1336,618 1367,602 1567,602 1584,616 1609,604 1626,621 1671,604 1767,604 1823,644 1871,649 1893,633 1941,655 1983,655 2020,633 2042,655 2099,655 2104,694 2096,708 2062,708 2003,686 1975,708 1890,708 1860,678 1826,672 1724,672 1682,686 1663,672 1356,675 1322,663 1153,675 1128,700 998,697 939,675 669,675 655,686 520,692"/>
        <Baseline points="520,679 599,678 678,677 757,676 837,674 916,672 995,670 1075,668 1154,666 1233,665 1313,663 1392,663 1471,663 1550,663 1630,664 1709,667 1788,670 1868,674 1947,680 2026,687 2106,696"/>
        <TextEquiv>
          <Unicode>ressort ; Donne défaut contre Planchenot non comparant</Unicode>
        </TextEquiv>
      </TextLine>

    
    
      <TextLine id="r6l8" >
        <Coords points="540,742 545,706 616,708 675,678 692,678 725,711 866,714 928,680 965,717 1035,708 1043,720 1111,720 1150,703 1170,723 1201,723 1260,714 1277,700 1333,725 1398,708 1421,689 1516,689 1679,694 1693,708 1730,694 1784,711 1814,697 1876,697 1913,734 1972,725 2011,703 2076,742 2107,742 2113,779 2042,784 2026,768 2003,784 1978,762 1905,753 1890,765 1860,753 1831,779 1800,779 1750,748 1716,765 1699,748 1668,762 1654,748 1513,742 1330,742 1288,756 1263,756 1243,739 1184,753 1136,739 1063,753 942,745 922,756 911,745 883,756 543,748"/>
        <Baseline points="542,745 620,747 699,748 778,748 856,747 935,746 1014,744 1092,742 1171,740 1250,738 1329,737 1407,736 1486,736 1565,737 1643,738 1722,741 1801,746 1879,751 1958,759 2037,769 2116,780"/>
        <TextEquiv>
          <Unicode>ni personne pour lui quoique dument appelé ; Et adjugeant</Unicode>
        </TextEquiv>
      </TextLine>

    
    
      <TextLine id="r6l9" >
        <Coords points="540,818 545,776 610,779 652,753 695,779 723,753 759,748 793,782 816,773 861,784 939,756 959,773 1021,787 1086,751 1159,751 1195,787 1238,753 1271,779 1328,753 1359,784 1406,770 1432,790 1485,790 1525,759 1750,762 1798,798 1826,787 1848,796 1893,770 1935,801 1969,776 2000,804 2017,790 2034,804 2104,804 2110,846 2102,860 1941,829 1843,824 1814,835 1786,824 1767,835 1753,821 1643,829 1632,818 1592,818 1525,855 1502,855 1466,815 1370,829 1316,813 1297,824 1117,818 1074,846 1032,846 990,818 939,818 906,835 886,827 869,844 835,824 787,835 754,821 697,838 543,835"/>
        <Baseline points="542,820 620,822 699,822 777,822 856,821 934,820 1013,819 1091,817 1170,816 1248,814 1327,813 1405,812 1484,812 1562,812 1641,814 1719,816 1798,820 1876,824 1955,831 2033,838 2112,847"/>
        <TextEquiv>
          <Unicode>le profit du dit défaut ; Condamne Planchenot à</Unicode>
        </TextEquiv>
      </TextLine>

    
    
      <TextLine id="r6l10" >
        <Coords points="545,891 548,852 680,855 703,832 731,855 768,838 787,858 844,858 880,829 906,852 931,835 990,827 1060,855 1094,829 1105,838 1131,827 1164,863 1195,863 1235,860 1260,844 1277,860 1333,829 1353,846 1381,832 1451,832 1502,866 1564,835 1646,835 1682,863 1764,838 1795,838 1837,860 1865,838 1969,841 2006,874 2099,863 2107,914 2099,925 2026,914 2000,922 1910,903 1882,922 1812,922 1789,900 1693,894 1660,919 1629,894 1609,894 1564,919 1533,919 1505,891 1395,903 1333,889 1212,900 1128,891 1060,911 998,911 976,894 948,908 925,891 866,891 841,905 821,894 771,905 709,894 678,905 638,905 627,894 613,905 599,894 548,903"/>
        <Baseline points="548,894 626,895 704,895 782,895 860,894 938,892 1016,891 1094,889 1172,888 1250,886 1328,885 1406,884 1484,884 1562,885 1640,886 1718,888 1796,892 1874,896 1952,902 2030,909 2108,917"/>
        <TextEquiv>
          <Unicode>payer avec intérêts suivant la loi à Mauduit la somme de</Unicode>
        </TextEquiv>
      </TextLine>

    
    
      <TextLine id="r6l11" >
        <Coords points="523,964 526,922 557,925 579,903 607,903 635,925 675,903 740,928 844,928 883,908 934,908 956,931 1052,919 1125,931 1145,911 1238,931 1285,914 1302,931 1325,931 1418,914 1454,917 1477,939 1539,939 1587,917 1618,942 1724,931 1775,945 1814,928 1831,945 1933,945 1986,928 2028,939 2048,925 2082,948 2116,948 2124,990 2116,1004 2085,1004 2059,990 1983,995 1927,976 1902,987 1885,973 1812,987 1761,970 1513,967 1497,979 1401,973 1381,993 1316,993 1294,973 1238,962 1145,964 1103,987 1083,967 1049,964 1027,976 965,970 951,984 928,970 863,973 852,984 793,984 768,970 706,981 672,967 655,981 630,970 604,981 526,979"/>
        <Baseline points="526,967 606,969 686,969 766,969 846,968 926,967 1006,966 1086,965 1166,964 1246,962 1326,962 1406,961 1486,961 1566,962 1646,963 1726,965 1806,968 1886,972 1966,978 2046,985 2126,993"/>
        <TextEquiv>
          <Unicode>soixante dix francs vingt centimes pour l&#39;indemniser du tort</Unicode>
        </TextEquiv>
      </TextLine>

    
    
      <TextLine id="r6l12" >
        <Coords points="523,1040 526,1001 596,1004 633,990 720,987 734,973 756,990 782,976 818,1007 883,1009 970,1009 987,995 1018,1009 1066,979 1131,979 1159,993 1176,979 1232,979 1297,981 1336,1015 1384,1015 1406,993 1429,990 1466,1018 1513,984 1542,1007 1609,1007 1637,987 1663,987 1677,1001 1716,993 1744,1018 1772,1021 1795,1004 1814,1024 1865,993 1893,1004 1964,998 2009,1021 2034,995 2071,1026 2107,1026 2113,1066 1995,1071 1961,1057 1941,1066 1933,1055 1789,1052 1764,1069 1691,1069 1660,1049 1584,1046 1550,1057 1530,1046 1423,1046 1404,1063 1384,1043 1319,1055 1283,1043 1229,1057 1187,1040 1159,1052 1066,1046 1052,1057 1038,1046 1013,1057 807,1043 526,1049"/>
        <Baseline points="524,1042 603,1043 683,1044 762,1044 842,1044 921,1043 1001,1043 1080,1042 1160,1041 1239,1040 1319,1039 1398,1039 1478,1039 1557,1040 1637,1041 1716,1043 1796,1046 1875,1050 1955,1055 2034,1061 2114,1068"/>
        <TextEquiv>
          <Unicode>qu&#39;il lui a causé en le congédiant tout à coup contrairement</Unicode>
        </TextEquiv>
      </TextLine>

    
    
      <TextLine id="r6l13" >
        <Coords points="534,1114 540,1074 562,1074 582,1055 602,1074 669,1049 695,1074 818,1077 892,1074 922,1052 942,1069 962,1057 984,1080 1058,1055 1100,1055 1125,1077 1153,1057 1226,1057 1269,1083 1330,1069 1353,1080 1370,1069 1390,1085 1432,1071 1558,1088 1612,1088 1663,1063 1724,1091 1761,1088 1784,1066 1876,1066 1902,1083 1919,1071 1944,1091 1992,1069 2118,1094 2124,1136 2116,1147 2054,1147 2031,1133 1975,1136 1952,1125 1927,1142 1896,1122 1826,1119 1724,1145 1682,1116 1623,1125 1367,1114 1347,1125 1271,1114 1252,1130 1229,1116 1156,1114 1145,1125 1117,1111 1080,1122 1035,1111 1021,1125 1001,1116 953,1133 922,1111 883,1122 821,1116 785,1130 700,1116 537,1128"/>
        <Baseline points="537,1115 616,1115 695,1115 775,1114 854,1113 934,1112 1013,1111 1093,1110 1172,1110 1252,1109 1331,1108 1410,1108 1490,1109 1569,1110 1649,1111 1728,1114 1808,1117 1887,1121 1967,1126 2046,1132 2126,1139"/>
        <TextEquiv>
          <Unicode>à l&#39;usage et l&#39;équité ; Le condamne en outre aux dépens taxés</Unicode>
        </TextEquiv>
      </TextLine>

    
    
      <TextLine id="r6l14" >
        <Coords points="545,1187 551,1150 627,1150 658,1119 695,1147 731,1119 785,1150 807,1133 830,1153 880,1153 906,1136 948,1156 987,1156 1027,1125 1100,1125 1145,1159 1240,1159 1269,1142 1285,1159 1345,1161 1381,1130 1409,1147 1446,1130 1539,1130 1572,1133 1587,1147 1657,1133 1716,1164 1755,1164 1800,1136 1843,1153 1868,1136 1981,1139 2017,1170 2121,1170 2127,1209 2079,1218 2000,1206 1989,1218 1905,1204 1837,1215 1817,1201 1786,1212 1730,1198 1640,1198 1606,1212 1587,1198 1567,1209 1530,1195 1350,1204 1333,1192 1086,1192 1074,1204 1046,1192 970,1204 911,1190 877,1201 548,1198"/>
        <Baseline points="548,1190 627,1190 706,1190 785,1190 864,1190 943,1189 1022,1189 1101,1188 1180,1188 1259,1188 1338,1188 1417,1188 1496,1189 1575,1190 1654,1191 1733,1193 1812,1196 1891,1198 1970,1202 2049,1206 2128,1211"/>
        <TextEquiv>
          <Unicode>et liquidés envers le demandeur à la somme de deux francs _</Unicode>
        </TextEquiv>
      </TextLine>

    
    
      <TextLine id="r6l15" >
        <Coords points="543,1260 545,1218 579,1198 672,1198 703,1218 745,1209 762,1223 914,1215 945,1226 979,1204 1027,1226 1086,1204 1111,1226 1142,1229 1212,1229 1238,1206 1274,1223 1302,1209 1364,1209 1384,1229 1406,1209 1508,1209 1519,1220 1533,1209 1572,1235 1629,1235 1660,1212 1719,1212 1741,1237 1795,1226 1809,1237 1924,1237 1989,1223 2034,1237 2059,1220 2118,1232 2127,1282 2118,1294 1969,1277 1907,1288 1888,1274 1834,1277 1814,1291 1795,1274 1648,1271 1609,1288 1578,1271 1536,1288 1482,1285 1466,1268 1353,1277 1322,1266 1277,1277 1238,1266 1167,1280 1128,1263 1091,1280 880,1263 821,1277 801,1266 773,1277 545,1271"/>
        <Baseline points="544,1262 623,1263 702,1263 781,1264 860,1264 940,1264 1019,1263 1098,1263 1177,1262 1256,1262 1336,1261 1415,1261 1494,1262 1573,1262 1652,1264 1732,1265 1811,1268 1890,1271 1969,1275 2048,1280 2128,1285"/>
        <TextEquiv>
          <Unicode>soixante dix centimes et à celle de deux francs quinze centimes</Unicode>
        </TextEquiv>
      </TextLine>

    
    
      <TextLine id="r6l16" >
        <Coords points="545,1330 548,1299 723,1302 751,1277 846,1277 863,1294 892,1280 914,1305 976,1305 1004,1280 1041,1280 1069,1308 1114,1282 1164,1282 1190,1308 1224,1308 1266,1285 1364,1308 1398,1285 1440,1305 1482,1288 1505,1311 1556,1291 1595,1316 1637,1316 1677,1291 1710,1305 1769,1291 1820,1294 1845,1319 1947,1322 2014,1322 2042,1296 2065,1296 2090,1316 2113,1308 2121,1356 2113,1367 2042,1353 1997,1367 1961,1350 1935,1358 1874,1344 1814,1356 1769,1341 1755,1353 1688,1341 1620,1356 1527,1344 1511,1358 1494,1341 1440,1347 1418,1336 1364,1347 1350,1336 1300,1347 1271,1339 1229,1353 1091,1353 1063,1336 1004,1336 990,1350 945,1336 914,1350 877,1339 821,1347 804,1336 731,1347 548,1339"/>
        <Baseline points="546,1333 624,1335 703,1336 782,1336 861,1336 940,1336 1019,1336 1098,1336 1177,1336 1256,1336 1335,1336 1413,1336 1492,1336 1571,1337 1650,1338 1729,1340 1808,1342 1887,1344 1966,1348 2045,1352 2124,1357"/>
        <TextEquiv>
          <Unicode>envers le Trésor Public, pour le papier timbré et l&#39;enregistrement</Unicode>
        </TextEquiv>
      </TextLine>

    
    
      <TextLine id="r6l17" >
        <Coords points="540,1406 545,1364 638,1370 666,1344 686,1344 711,1370 728,1358 762,1367 782,1350 810,1367 841,1347 869,1372 914,1372 939,1350 1004,1375 1046,1350 1077,1350 1103,1375 1145,1375 1167,1358 1184,1375 1266,1378 1291,1353 1311,1353 1325,1367 1359,1356 1384,1378 1421,1370 1443,1381 1522,1378 1542,1364 1561,1378 1663,1356 1764,1358 1795,1378 1848,1358 1913,1386 1986,1386 2009,1364 2034,1375 2082,1361 2107,1381 2113,1426 2099,1437 2014,1420 1916,1437 1865,1417 1716,1426 1663,1415 1629,1431 1567,1431 1525,1415 1446,1423 1437,1412 1336,1412 1319,1429 1297,1420 1257,1429 1246,1417 1232,1426 1207,1409 1184,1423 1114,1412 1080,1423 1035,1412 993,1423 922,1423 900,1412 877,1423 799,1412 771,1423 706,1412 543,1417"/>
        <Baseline points="542,1408 620,1409 699,1409 777,1409 856,1409 935,1408 1013,1408 1092,1408 1170,1407 1249,1407 1328,1407 1406,1407 1485,1407 1563,1408 1642,1409 1721,1411 1799,1413 1878,1415 1956,1419 2035,1422 2114,1427"/>
        <TextEquiv>
          <Unicode>de la citation, conformément à la loi du sept août mil huit</Unicode>
        </TextEquiv>
      </TextLine>

    
    
      <TextLine id="r6l18" >
        <Coords points="540,1477 543,1443 574,1429 613,1451 666,1440 678,1451 787,1451 863,1434 917,1446 937,1431 970,1451 1004,1451 1063,1431 1136,1457 1167,1446 1207,1454 1221,1440 1283,1457 1305,1434 1328,1434 1353,1437 1376,1460 1423,1460 1449,1437 1572,1437 1589,1454 1648,1443 1671,1462 1710,1440 1747,1440 1769,1462 1868,1465 1902,1443 1958,1465 2087,1465 2110,1446 2121,1493 2040,1505 2020,1493 1978,1496 1952,1507 1933,1491 1865,1510 1845,1488 1719,1491 1693,1505 1660,1488 1632,1502 1606,1491 1578,1510 1522,1510 1491,1488 1440,1488 1426,1499 1390,1485 1319,1485 1285,1507 1204,1507 1181,1485 1167,1496 1094,1488 1058,1505 984,1505 965,1488 931,1488 908,1505 818,1505 799,1485 737,1493 725,1482 711,1493 700,1482 669,1491 619,1479 543,1502"/>
        <Baseline points="542,1477 621,1479 700,1481 779,1482 858,1483 937,1483 1016,1483 1095,1484 1174,1484 1253,1484 1333,1484 1412,1484 1491,1484 1570,1484 1649,1484 1728,1485 1807,1486 1886,1488 1965,1489 2044,1492 2124,1495"/>
        <TextEquiv>
          <Unicode>cent cinquante, ence, non compris le coût du présent jugement</Unicode>
        </TextEquiv>
      </TextLine>

    
    
      <TextLine id="r6l19" >
        <Coords points="545,1550 548,1502 565,1493 613,1496 633,1513 655,1502 678,1519 717,1519 745,1493 804,1493 832,1519 903,1507 951,1522 976,1502 996,1519 1072,1524 1119,1499 1153,1499 1193,1524 1260,1524 1302,1499 1330,1527 1356,1527 1395,1502 1449,1516 1485,1502 1513,1527 1589,1530 1710,1530 1747,1505 1778,1519 1803,1505 1845,1505 1860,1519 1947,1507 1964,1524 1997,1527 2042,1507 2099,1507 2107,1567 2062,1567 2040,1583 1966,1564 1935,1578 1702,1564 1685,1578 1609,1564 1592,1572 1558,1558 1423,1561 1378,1578 1347,1578 1328,1558 1291,1575 1173,1561 1103,1575 1077,1558 993,1561 976,1572 928,1555 858,1572 813,1558 787,1569 658,1569 647,1558 633,1569 610,1558 596,1569 548,1567"/>
        <Baseline points="547,1551 625,1553 703,1554 781,1555 859,1556 937,1556 1015,1557 1094,1557 1172,1557 1250,1557 1328,1558 1406,1558 1484,1558 1562,1558 1641,1559 1719,1560 1797,1561 1875,1562 1953,1564 2031,1566 2110,1568"/>
        <TextEquiv>
          <Unicode>la signification d&#39;icelui et ses suites. Et vu les articles 437</Unicode>
        </TextEquiv>
      </TextLine>

    
    
      <TextLine id="r6l20" >
        <Coords points="562,1623 565,1592 633,1569 652,1569 680,1595 717,1595 742,1572 768,1595 793,1595 830,1569 872,1569 973,1572 1001,1595 1024,1586 1038,1597 1193,1600 1229,1578 1263,1600 1294,1575 1373,1600 1390,1583 1423,1595 1480,1575 1508,1603 1550,1581 1634,1578 1665,1603 1736,1595 1786,1606 1806,1592 1860,1606 1972,1606 1997,1589 2079,1581 2087,1637 2059,1645 2003,1634 1981,1648 1950,1634 1910,1651 1882,1640 1792,1648 1778,1634 1677,1648 1648,1637 1595,1645 1584,1634 1558,1645 1446,1634 1435,1645 1421,1631 1345,1631 1316,1645 1297,1628 1269,1640 1238,1628 1117,1640 990,1631 956,1642 565,1628"/>
        <Baseline points="563,1624 639,1625 715,1626 791,1627 868,1628 944,1629 1020,1629 1096,1630 1173,1630 1249,1630 1325,1630 1401,1630 1478,1631 1554,1631 1630,1631 1706,1632 1783,1633 1859,1634 1935,1635 2011,1637 2088,1639"/>
        <TextEquiv>
          <Unicode>du code de procédure civile 27 et 42 du décret du onze Juin</Unicode>
        </TextEquiv>
      </TextLine>

    
    
      <TextLine id="r6l21" >
        <Coords points="534,1693 540,1654 562,1637 593,1637 621,1662 650,1668 680,1668 725,1640 768,1668 846,1668 872,1654 892,1671 959,1671 1004,1640 1027,1640 1060,1671 1105,1671 1136,1640 1156,1640 1311,1642 1342,1673 1423,1673 1474,1645 1530,1676 1561,1659 1603,1676 1618,1665 1646,1671 1660,1657 1682,1676 1713,1645 1750,1645 1781,1662 1814,1648 1890,1648 1910,1668 1930,1648 1961,1648 2000,1679 2087,1679 2102,1668 2107,1707 2099,1744 2026,1710 1879,1710 1843,1733 1781,1710 1722,1713 1674,1741 1544,1741 1511,1710 1488,1710 1457,1738 1387,1738 1345,1704 1297,1718 1229,1707 1181,1738 1136,1704 1119,1716 1083,1704 1049,1713 1038,1702 996,1718 962,1710 937,1735 903,1735 863,1702 838,1699 799,1710 773,1702 742,1733 616,1733 593,1710 537,1710"/>
        <Baseline points="536,1696 614,1697 693,1699 772,1700 850,1701 929,1701 1008,1702 1086,1703 1165,1703 1244,1704 1323,1704 1401,1704 1480,1705 1559,1705 1637,1705 1716,1706 1795,1706 1873,1707 1952,1708 2031,1708 2110,1709"/>
        <TextEquiv>
          <Unicode>1809, pour signifier au défendeur le présent jugement, Commet</Unicode>
        </TextEquiv>
      </TextLine>

    
    
      <TextLine id="r6l22" >
        <Coords points="551,1766 557,1721 604,1721 644,1747 773,1747 821,1721 866,1721 903,1749 934,1747 953,1730 984,1749 1015,1727 1069,1749 1100,1724 1153,1724 1173,1744 1201,1727 1263,1727 1305,1752 1474,1741 1505,1755 1660,1755 1674,1744 1691,1755 1736,1738 1820,1758 1854,1758 1896,1735 1930,1752 1964,1733 2071,1733 2127,1758 2132,1780 2124,1803 2090,1786 2059,1817 1944,1817 1927,1806 1916,1817 1817,1817 1769,1814 1724,1783 1654,1783 1626,1803 1609,1786 1598,1797 1578,1783 1519,1797 1471,1780 1446,1803 1404,1811 1322,1780 1291,1783 1263,1806 1190,1783 1162,1806 1111,1808 1069,1778 1038,1778 1015,1794 956,1778 931,1792 906,1778 863,1797 838,1775 810,1775 725,1806 689,1775 554,1775"/>
        <Baseline points="554,1767 633,1768 712,1769 791,1769 870,1770 949,1771 1028,1772 1107,1773 1186,1774 1265,1775 1344,1776 1423,1776 1502,1777 1581,1778 1660,1779 1739,1779 1818,1780 1897,1781 1976,1781 2055,1782 2134,1782"/>
        <TextEquiv>
          <Unicode>Minaud, l&#39;un de ses huissiers audienciers. Ainsi jugé les jour</Unicode>
        </TextEquiv>
      </TextLine>

    
    
      <TextLine id="r6l23" >
        <Coords points="537,1842 540,1800 551,1797 582,1797 604,1817 779,1817 799,1803 906,1817 931,1797 942,1808 959,1797 1024,1797 1038,1811 1060,1803 1139,1817 1148,1845 1139,1868 1058,1848 1029,1868 962,1848 937,1862 925,1851 892,1853 861,1876 779,1876 754,1851 717,1868 680,1851 621,1862 596,1848 540,1865"/>
        <Baseline points="538,1844 568,1844 599,1844 629,1844 660,1844 691,1844 721,1845 752,1845 782,1845 813,1846 844,1846 874,1847 905,1847 935,1847 966,1847 997,1848 1027,1847 1058,1847 1088,1847 1119,1846 1150,1846"/>
        <TextEquiv>
          <Unicode>mois et an que dessus.</Unicode>
        </TextEquiv>
      </TextLine>

    
    
      <TextLine id="r6l24" >
        <Coords points="551,1974 557,1952 616,1955 664,1938 706,1955 748,1932 765,1946 787,1941 804,1958 877,1958 922,1935 1083,1929 1105,1952 1111,1983 1103,2011 1043,1997 1015,2011 948,2011 931,1994 875,2005 861,1994 782,2008 725,1997 644,2005 630,1994 554,1989"/>
        <Baseline points="552,1977 580,1979 608,1980 636,1981 664,1982 692,1983 720,1984 748,1985 776,1985 804,1986 833,1987 861,1987 889,1988 917,1988 945,1988 973,1988 1001,1988 1029,1987 1057,1987 1085,1986 1114,1985"/>
        <TextEquiv>
          <Unicode>Lecucq secrétaire</Unicode>
        </TextEquiv>
      </TextLine>

    
    
      <TextLine id="r6l27" >
        <Coords points="810,2416 813,2377 852,2374 872,2388 945,2360 1035,2360 1088,2391 1125,2391 1153,2374 1179,2385 1240,2377 1345,2394 1539,2394 1601,2366 1618,2382 1646,2377 1679,2394 1705,2368 1857,2368 1865,2427 1820,2444 1753,2436 1724,2447 1612,2444 1601,2433 1584,2444 1384,2444 1283,2430 1080,2441 1058,2427 982,2427 959,2439 925,2427 813,2427"/>
        <Baseline points="812,2417 864,2419 917,2421 970,2423 1023,2425 1075,2427 1128,2428 1181,2430 1234,2431 1286,2432 1339,2433 1392,2434 1445,2435 1497,2435 1550,2435 1603,2435 1656,2434 1708,2433 1761,2432 1814,2431 1867,2429"/>
        <TextEquiv>
          <Unicode>Dudit jour vingt quatre Janvier</Unicode>
        </TextEquiv>
      </TextLine>

    
    
      <TextLine id="line_1561478132961_2610" >
        <Coords points="517,2478 520,2419 737,2419 771,2456 804,2433 835,2464 925,2427 976,2464 1010,2444 1035,2458 1063,2444 1142,2439 1176,2456 1212,2436 1246,2436 1308,2467 1356,2467 1395,2439 1474,2467 1693,2470 1727,2444 1876,2444 1955,2467 1992,2441 2020,2467 2107,2453 2116,2489 2107,2506 2062,2506 2017,2529 1972,2529 1950,2506 1747,2515 1733,2529 1705,2512 1679,2526 1651,2509 1603,2506 1497,2517 1474,2509 1429,2526 1390,2509 1359,2520 1330,2509 1300,2526 1269,2509 1249,2526 1198,2526 1159,2506 1139,2523 998,2523 962,2501 858,2506 844,2517 801,2501 740,2523 689,2512 641,2520 616,2498 520,2498"/>
        <Baseline points="520,2481 555,2482 642,2485 729,2488 815,2491 902,2493 989,2496 1076,2499 1162,2501 1249,2503 1336,2504 1423,2505 1509,2506 1596,2506 1683,2505 1770,2504 1856,2502 1943,2499 2030,2495 2117,2490"/>
        <TextEquiv>
          <Unicode>Entre Monsieur Thevenot, (Léon) ouvrier dessinateur, demeurant</Unicode>
        </TextEquiv>
      </TextLine>

    
    
      <TextLine id="r6l29" >
        <Coords points="526,2554 529,2517 571,2537 619,2517 666,2534 695,2520 717,2543 768,2520 816,2543 841,2517 984,2517 1015,2534 1097,2523 1139,2543 1167,2532 1179,2543 1314,2546 1376,2546 1415,2532 1443,2546 1480,2520 1511,2546 1578,2546 1601,2526 1660,2546 1688,2520 1750,2520 1775,2534 1795,2520 1845,2540 1927,2546 1964,2520 1989,2546 2031,2520 2082,2520 2093,2523 2102,2560 2093,2571 1975,2571 1935,2591 1913,2574 1798,2591 1724,2579 1693,2591 1665,2579 1370,2591 1274,2574 1117,2588 1105,2577 1024,2579 1013,2568 979,2579 821,2571 810,2582 768,2571 754,2585 725,2577 672,2588 647,2568 529,2568"/>
        <Baseline points="529,2556 607,2558 686,2559 765,2561 843,2563 922,2566 1001,2568 1079,2570 1158,2572 1237,2574 1316,2575 1394,2576 1473,2577 1552,2578 1630,2578 1709,2577 1788,2576 1866,2574 1945,2571 2024,2567 2103,2562"/>
        <TextEquiv>
          <Unicode>à Paris, rue de Vaugirard, numéro deux cent quatre vingt six ;</Unicode>
        </TextEquiv>
      </TextLine>

    
    
      <TextLine id="r6l30" >
        <Coords points="512,2624 526,2574 585,2577 607,2599 664,2596 680,2607 717,2607 742,2582 771,2607 801,2607 827,2585 849,2593 872,2577 928,2577 959,2599 984,2579 1021,2577 1077,2607 1097,2596 1179,2607 1215,2577 1288,2582 1316,2607 1381,2607 1421,2585 1485,2607 1575,2607 1620,2579 1668,2577 1688,2596 1727,2579 1767,2607 1809,2585 1831,2607 1919,2607 1966,2577 2003,2577 2017,2591 2110,2577 2116,2627 2045,2638 2020,2655 1981,2641 1941,2655 1871,2647 1851,2661 1837,2650 1781,2661 1767,2650 1753,2664 1719,2652 1648,2664 1615,2650 1533,2661 1508,2647 1471,2658 1401,2647 1376,2664 1218,2664 1187,2647 1139,2652 1108,2638 1010,2655 976,2644 945,2652 928,2638 883,2652 869,2644 852,2658 824,2636 742,2641 714,2661 664,2636 545,2636 531,2650 514,2638"/>
        <Baseline points="514,2627 594,2628 674,2629 754,2630 834,2632 915,2634 995,2636 1075,2638 1155,2641 1235,2643 1316,2645 1396,2646 1476,2647 1556,2648 1636,2648 1717,2647 1797,2645 1877,2643 1957,2639 2037,2635 2118,2629"/>
        <TextEquiv>
          <Unicode>Demandeur ; Comparant ; D&#39;une part ; Et Monsieur Masson</Unicode>
        </TextEquiv>
      </TextLine>

    
    
      <TextLine id="r6l31" >
        <Coords points="506,2689 512,2658 545,2644 692,2644 717,2658 737,2647 835,2644 900,2683 951,2683 976,2661 1001,2664 1018,2650 1055,2661 1074,2683 1131,2683 1173,2664 1195,2678 1209,2669 1302,2686 1497,2686 1527,2661 1547,2675 1578,2664 1601,2686 1634,2686 1699,2655 1741,2689 1792,2689 1806,2678 1865,2689 1890,2669 1921,2686 1972,2652 2102,2652 2107,2700 2099,2712 2006,2712 1958,2728 1938,2717 1913,2728 1564,2717 1311,2726 1302,2714 1288,2723 1193,2709 1108,2709 1083,2723 908,2723 827,2703 509,2712"/>
        <Baseline points="507,2692 587,2693 667,2695 747,2697 827,2700 907,2702 987,2704 1067,2707 1147,2710 1227,2712 1308,2714 1388,2716 1468,2717 1548,2718 1628,2718 1708,2717 1788,2716 1868,2714 1948,2711 2028,2706 2109,2701"/>
        <TextEquiv>
          <Unicode>Maître dessinateur, demeurant et domicilié à Paris, rue de Belleville</Unicode>
        </TextEquiv>
      </TextLine>

    
    
      <TextLine id="r6l32" >
        <Coords points="517,2762 523,2728 554,2726 588,2745 604,2728 658,2740 680,2720 731,2720 745,2734 785,2720 824,2745 861,2728 920,2726 959,2751 984,2743 998,2754 1153,2754 1204,2731 1226,2754 1257,2737 1319,2757 1494,2757 1539,2726 1609,2726 1651,2757 1682,2728 1772,2728 1814,2759 1862,2734 1893,2743 1910,2731 1938,2745 1964,2728 1989,2748 2051,2728 2071,2773 2062,2810 2040,2799 2026,2813 1955,2785 1916,2788 1885,2813 1750,2813 1719,2802 1589,2810 1570,2790 1477,2810 1457,2790 1404,2799 1328,2782 1266,2782 1246,2799 1221,2782 1198,2793 1190,2785 1164,2807 1060,2782 1024,2807 965,2807 911,2776 863,2790 844,2776 827,2788 816,2776 773,2785 520,2773"/>
        <Baseline points="519,2764 596,2764 674,2765 752,2767 829,2768 907,2771 985,2773 1062,2775 1140,2777 1218,2780 1296,2782 1373,2783 1451,2785 1529,2786 1606,2786 1684,2786 1762,2786 1839,2784 1917,2782 1995,2779 2073,2775"/>
        <TextEquiv>
          <Unicode>numéro soixante un ; Défendeur ; Défaillant ; D&#39;autre part ;</Unicode>
        </TextEquiv>
      </TextLine>

    
    
      <TextLine id="r6l33" >
        <Coords points="500,2830 529,2785 723,2785 756,2799 793,2788 810,2804 846,2785 872,2807 906,2804 920,2816 948,2799 965,2816 1013,2816 1055,2788 1097,2788 1145,2818 1181,2818 1209,2796 1243,2813 1280,2788 1373,2788 1429,2818 1497,2818 1536,2799 1547,2810 1578,2802 1598,2821 1696,2821 1719,2802 1750,2821 1874,2821 1910,2790 1958,2790 2006,2821 2085,2804 2093,2838 1995,2858 1882,2855 1865,2869 1710,2869 1699,2858 1592,2869 1564,2858 1525,2866 1513,2855 1432,2866 1415,2852 1401,2861 1342,2849 1238,2866 1221,2849 1153,2861 1105,2849 1086,2861 1013,2847 962,2863 939,2852 925,2861 894,2841 858,2858 838,2841 779,2841 748,2863 706,2863 672,2841 604,2841 588,2855 565,2841 503,2841"/>
        <Baseline points="503,2831 582,2831 662,2832 741,2833 821,2835 900,2837 980,2839 1059,2841 1139,2843 1218,2846 1298,2848 1378,2850 1457,2851 1537,2852 1616,2853 1696,2853 1775,2852 1855,2850 1934,2847 2014,2844 2094,2839"/>
        <TextEquiv>
          <Unicode>Point de fait = Par lettres du secrétaire du conseil de Prud&#39;hommes</Unicode>
        </TextEquiv>
      </TextLine>

    
    
      <TextLine id="r6l34" >
        <Coords points="534,2897 537,2875 571,2852 585,2866 604,2852 695,2852 717,2875 779,2869 801,2852 841,2869 875,2858 908,2866 939,2852 976,2875 998,2852 1027,2852 1049,2878 1094,2855 1122,2878 1179,2878 1209,2855 1238,2866 1257,2855 1395,2855 1437,2872 1497,2855 1533,2878 1581,2863 1598,2878 1648,2880 1699,2861 1719,2880 1741,2869 1755,2880 1860,2880 1874,2866 1927,2880 2014,2880 2056,2858 2085,2906 2076,2917 1817,2934 537,2914"/>
        <Baseline points="536,2900 613,2900 691,2901 768,2903 846,2904 923,2907 1001,2909 1078,2911 1156,2913 1233,2916 1311,2918 1388,2920 1466,2921 1543,2922 1621,2922 1698,2922 1776,2921 1853,2919 1931,2917 2008,2913 2086,2908"/>
        <TextEquiv>
          <Unicode>du Département de la Seine pour l&#39;industrie des Tissus en dates des</Unicode>
        </TextEquiv>
      </TextLine>

    
    
      <TextLine id="r6l35" >
        <Coords points="520,2962 523,2931 534,2937 562,2920 616,2920 635,2934 686,2920 748,2945 801,2923 824,2931 841,2920 1063,2920 1148,2923 1184,2954 1367,2954 1390,2934 1406,2948 1432,2939 1446,2954 1618,2956 1648,2937 1665,2954 1696,2954 1800,2928 1885,2956 1910,2939 1938,2942 1955,2925 1975,2925 2003,2951 2056,2928 2104,2970 2096,2982 1941,2987 1899,3007 1868,2993 1798,3007 1767,2996 1623,3007 1581,2993 1542,3004 1471,2990 1423,3004 1401,2990 1384,3004 1246,3004 1204,2984 1167,2999 1117,2984 1083,2999 1060,2979 1029,2979 993,2999 979,2984 956,2990 937,2979 894,2993 846,2976 711,2987 700,2976 562,2984 523,2973"/>
        <Baseline points="521,2964 600,2965 679,2967 758,2970 838,2972 917,2975 996,2978 1076,2981 1155,2984 1234,2987 1314,2989 1393,2991 1472,2992 1551,2993 1631,2993 1710,2992 1789,2990 1869,2988 1948,2984 2027,2978 2107,2971"/>
        <TextEquiv>
          <Unicode>Lundi quatorze et Mardi quinze Janvier mil huit cent soixante</Unicode>
        </TextEquiv>
      </TextLine>

    
    
      <TextLine id="r6l36" >
        <Coords points="526,3032 531,3010 562,2990 590,2999 621,2987 641,3001 669,2987 734,2987 796,3004 816,2987 892,2987 906,3001 996,3004 1032,2987 1074,2990 1105,3010 1134,2993 1176,3015 1218,2990 1263,3018 1330,3018 1353,2996 1378,3013 1409,2993 1440,3018 1491,3007 1572,3021 1764,3021 1792,3007 1837,3021 1862,2999 1888,3021 1927,2993 1995,2993 2042,3018 2104,2996 2110,3041 2102,3072 2017,3052 1899,3072 1868,3060 1837,3072 1618,3072 1539,3060 1350,3069 1319,3055 1269,3058 1257,3069 1167,3055 1035,3069 948,3046 838,3046 807,3063 768,3046 529,3046"/>
        <Baseline points="529,3034 608,3034 687,3035 766,3036 845,3038 924,3040 1003,3043 1082,3046 1161,3049 1240,3052 1320,3055 1399,3057 1478,3059 1557,3060 1636,3060 1715,3060 1794,3059 1873,3057 1952,3053 2031,3049 2111,3043"/>
        <TextEquiv>
          <Unicode>dix huit Thevenot fit citer Masson à comparaître par devant</Unicode>
        </TextEquiv>
      </TextLine>

    
    
      <TextLine id="r6l37" >
        <Coords points="540,3100 543,3072 571,3052 650,3052 680,3069 697,3052 734,3063 756,3052 799,3083 824,3083 861,3055 1001,3055 1032,3086 1080,3086 1119,3055 1153,3089 1277,3089 1342,3063 1367,3089 1499,3091 1530,3066 1556,3069 1581,3091 1620,3091 1657,3066 1685,3089 1708,3069 1741,3063 1772,3094 1840,3086 1868,3063 1893,3089 1935,3063 1964,3066 1986,3086 2059,3063 2068,3114 1947,3134 1930,3125 1910,3145 1896,3134 1798,3142 1719,3125 1637,3142 1525,3142 1454,3128 1339,3139 1319,3128 1204,3134 1148,3122 1091,3136 1072,3119 1032,3117 973,3131 953,3117 922,3131 903,3119 852,3131 841,3117 754,3125 697,3111 543,3117"/>
        <Baseline points="542,3103 618,3104 694,3106 771,3107 847,3109 923,3111 1000,3114 1076,3116 1152,3119 1229,3121 1305,3123 1381,3124 1458,3126 1534,3127 1610,3127 1687,3127 1763,3126 1839,3125 1916,3123 1992,3119 2069,3115"/>
        <TextEquiv>
          <Unicode>le dit conseil de Prud&#39;hommes séant en Bureaux Particuliers les</Unicode>
        </TextEquiv>
      </TextLine>

    
    
      <TextLine id="r6l38" >
        <Coords points="514,3173 520,3150 529,3156 554,3134 624,3134 638,3148 664,3134 695,3148 771,3134 816,3159 832,3148 900,3159 931,3139 1024,3134 1043,3156 1060,3145 1083,3156 1122,3136 1179,3148 1193,3162 1359,3162 1378,3145 1395,3156 1485,3150 1572,3165 1643,3165 1685,3139 1730,3139 1755,3162 1769,3150 1784,3165 1845,3153 1879,3165 1919,3139 2040,3159 2099,3139 2107,3181 2099,3204 1975,3210 1916,3260 1674,3260 1626,3243 1595,3215 1527,3204 1449,3246 1412,3210 1373,3201 1294,3255 1215,3257 1193,3235 1156,3249 1074,3201 1052,3210 1029,3198 987,3210 973,3198 894,3210 883,3198 821,3198 762,3249 734,3226 680,3224 633,3252 517,3198"/>
        <Baseline points="515,3174 594,3175 674,3177 754,3180 833,3182 913,3185 993,3188 1072,3191 1152,3194 1232,3197 1312,3199 1391,3201 1471,3202 1551,3203 1630,3203 1710,3202 1790,3201 1869,3198 1949,3194 2029,3190 2109,3183"/>
        <TextEquiv>
          <Unicode>Lundi quinze et Mardi seize quatorze et Mardi quinze Janvier </Unicode>
        </TextEquiv>
      </TextLine>

    
    </TextRegion>
    
  </Page>
</PcGts>
