2182 3328
499 146 2070 252 Louis ? Ou bien doit-on sur l'offre que fit Grandguerry de
496 230 2073 335 payer à la barre du conseil seize francs quatre vingt dix
502 307 2065 404 centimes, dire Maison non recevable en sa demande, l'en
516 377 2079 479 débouter ? Que doit-il être statué à l'égard des dépens ?
496 460 2068 565 Après avoir entendu les parties en leurs demandes et conclusio
491 535 2065 640 respectivement et en avoir délibéré conformément à la loi ;
480 615 2062 723 Attendu que des explications fournies par les parties ressort
494 693 2051 790 qu'il est dû au Mineur Maison le salaire de un mois et
496 782 2062 876 douze jours, soit cinquante cinq francs, qu'il a été payé quinze
491 840 2062 937 francs et lui reste dû quarante francs ; Attendu que le mineur
491 912 2065 1020 Maison est responsable de la perte d'un oiseau d'une valeur de
496 995 2040 1089 cinq francs, ce qui réduit a trente cinq francs la somme à l'en
505 1064 2057 1162 tenir ; que le dit mineur étant au mois il ne peut lui être
516 1139 2062 1236 retenir à raison de quelques retard apportés par lui aux heures
488 1220 2040 1306 d'arrivée ni même pour une journée perdue parce qu'il est
502 1286 2048 1375 acquis que d'autres fois il a été accepté après l'heure règlementaire
502 1358 2048 1453 de la journée, qu'il ne peut non plus lui être fait payer
494 1428 2037 1519 un carreau cassé en faisant le nettoyage, suivant ce travail
491 1505 2012 1600 par obligeance ; Attendu que Grandguerry n'a pas
508 1575 2051 1664 comparu devant les Bureaux de conciliation du Conseil et qu'il
513 1644 2037 1744 a fait perdre du temps à Maison, préjudice dont il lui
524 1713 2034 1808 doit réparation ; Par ces motifs = Le Bureau Général
557 1791 2034 1877 jugeant en dernier ressort ; condamne Grandquerry à
519 1855 1990 1949 payer à Maison la somme de trente cinq francs qu'il
508 1927 2034 2024 reste lui devoir pour salaire de son fils Louis, plus une
485 1994 2037 2093 indemnité de six francs pour temps perdu ; Le condamne
496 2068 2015 2154 en outre aux dépens taxés et liquidés envers le demandeur
491 2135 2026 2238 à la somme de un franc, et à celle due au Trésor Public,
483 2210 2034 2307 pour le papier timbré de la présente minute, conformément à la
488 2288 2037 2379 loi de sept août mil huit cent cinquante, ence, non compris
485 2357 2015 2451 le coût du présent jugement, la signification d'icelui et ses
485 2434 1959 2559 suites. Ainsi jugé les jour mois et an que dessus.
521 2568 1074 2651 Lecucq secrétaire
