1814 2975
657 109 1374 220 — Dudit jour trente un Janvier —
387 166 1672 292 Entre Madame Veuve Herbin, demeurant à Paris,
384 245 1677 352 rue des Dames, numéro quarante six, agissant au nom et
382 304 1709 416 comme tutrice naturelle et légale de sa fille mineure Félicie,
389 384 1665 480 ouvrière modiste ; Demanderesse ; Comparant ; D'une part ;
387 433 1689 545 Et Monsieur et Madame Lequarré, le sieur Lequarré tant
374 513 1689 609 en son nom personnel que pour assister et autoriser la dame
392 572 1635 669 son épouse fabricante de modes, demeurant et domiciliés,
397 632 1632 726 ensemble, les dits époux, à Paris, rue du havre, numéro
411 696 1677 788 six ; Défendeurs ; Comparant ; D'autre part ; Point de fait =
389 758 1679 847 Par lettres du secrétaire du conseil de Prud'hommes du département
389 825 1682 909 de la Seine pour l'industrie des Tissus en dates des Mercredi vingt
384 897 1670 969 trois et vendredi vingt cinq Janvier mil huit cent soixante dix huit
399 959 1650 1028 la veuve herbin fit citer les époux Lequarré à comparaître
406 1018 1637 1093 par devant le dit conseil de Prud'hommes séant en Bureaux
384 1078 1667 1152 Particuliers les Vendredi vingt cinq et Lundi vingt huit Janvier
406 1137 1655 1217 mil huit cent soixante dix huit pour se concilier si faire se
406 1204 1655 1289 pouvait sur la demande qu'elle entendait former contre eux
419 1266 1672 1346 devant le dit conseil en délai congé comme d'usage sinon
406 1323 1677 1415 paiement de la somme de cent cinquante francs à titre de
429 1390 1689 1475 dommages-intérêts. Les époux Lequarré n'ayant pas comparu
419 1447 1714 1539 la cause fut renvoyée devant le Bureau Général du conseil
411 1502 1707 1601 séant Jeudi trente un Janvier mil huit cent soixante dix huit.
419 1556 1672 1675 Cités pour le dit trente un Janvier par lettre du secrétaire
426 1628 1687 1732 du conseil en date du Vingt huit Janvier mil huit cent soixante
424 1683 1687 1799 dix huit à la requête de la veuve herbin les époux Lequarré
426 1745 1697 1866 comparurent. a l'appel de la cause la veuve herbelin se
421 1804 1697 1933 présenta et conclut à ce qu'il plut au Bureau Général du
426 1876 1697 2000 Conseil du conseil attendu que les époux Lequarré qu'avaient
431 1928 1697 2065 mis sa fille félicie en délai congé d'un mois à partir du
446 1988 1704 2127 vingt deux Janvier présent mais l'ont, le lendemain matin
451 2052 1699 2189 congédiée pour s'être absentée pendant deux heures comme
444 2109 1704 2265 d'usage pour aller solliciter du travail dans une autre
451 2171 1657 2327 maison ; Que tout ce qui a pu être tenté pour ramener les
436 2231 1665 2389 époux Lequarré à revenir sur cette décision est resté sans
446 2285 1704 2451 succès ; Attendu que ce brusque renvoi lui cause un préjudice
441 2345 1684 2516 dont ils lui doivent réparation ; Par ces motifs = Condamner
456 2402 1657 2575 les époux Lequarré solidairement à lui payer avec intérêts
449 2459 1682 2647 Suivant la loi la somme de cent cinquante francs à titre de
449 2518 1677 2697 dommages-intérêts, sans préjudice de la somme de celle de
446 2578 1704 2771 soixante six francs pour le salaire de vingt deux jours de
459 2640 1724 2851 travail du premier au vingt deux Janvier inclus et les condamner
