2309 3392
727 104 2238 260 être affectée à l'extinction de celle que pourrait lui dem
715 183 2243 333 la demanderesse tous comptes faits entr'elles ? Que doit
257 231 673 305 un mot rayé comme
715 262 2252 415 il être statué à l'égard des dépens ? Après avoir entendu
249 313 387 421 nul
707 333 2238 469 les parties en leurs demandes et conclusions respectivement et
713 407 2235 537 en avoir délibéré conformément à la loi ; Attendu que
713 494 2209 604 la demoiselle Tuna déclare consentir à payer à la
240 596 481 723 Lecucq
707 573 2221 686 demoiselle Philippe la somme de deux cents francs pour
701 650 2235 754 indemnité de renvoi instantané et que la demoiselle Philippe
698 720 2192 825 déclare accepter cette proposition de faire servir cette
684 794 2241 898 somme à l'extinction de ce qu'elle pourrait redevoir tout
693 870 2241 980 en déclarant qu'elle ne doit pas, qu'il y est redû, mais qu'il
730 944 2232 1051 y à compte à faire ; Par ces motifs = Le Bureau Général
645 1014 2221 1116 jugeant en dernier ressort ; Condamne la demoiselle
633 1088 2235 1184 Tuna à payer avec intérêts suivant la loi à la demoiselle
670 1164 2229 1260 Philippe la somme de deux cents francs à titre de
684 1249 2229 1334 réparation du dommage qu'elle lui a causé en la
664 1311 2241 1404 congédiant tout coup contrairement à l'usage et
676 1385 2229 1472 l'équité ; quelle Sauf compte à faire entr'elles tout
679 1467 2215 1543 autres droits et dûs ; Condamne la demoiselle Tuna
681 1537 2232 1619 aux dépens taxés et liquidés envers la demanderesse à
681 1605 2229 1698 la somme de un franc, et à celle dûe au Trésor Public,
659 1687 2232 1763 pour le papier timbré de la présente minute, conformément
667 1758 2229 1842 à la loi du sept août mil huit cent cinquante, ence, non
636 1834 2238 1910 compris le coût du présent jugement ; En signification d'icelui
664 1908 2232 2004 et ses suites. Ainsi jugé les jour mois et an que dessus.
667 2046 1196 2142 Lecucq secrétaire
996 2507 1893 2592 Dudit jour dix sept Janvier —
631 2563 2195 2662 Entre Monsieur et Madame Frémion, le sieur
628 2645 2215 2733 Frémion tant en son nom personnel que pour assister
628 2727 2192 2804 et autoriser la dame son épouse ouvrière plumassière,
639 2789 2226 2880 demeurant ensemble, les dits époux, à Paris, rue Morand,
633 2869 2156 2953 numéro neuf ; Demandeurs ; Comparant par la dame
611 2919 2215 3030 Frémion, aux termes d'un pouvoir sous seing privé en date
608 3007 2153 3095 à Paris, du seize Janvier mil huit cent soixante dix huit,
614 3066 2209 3182 enregistré à Paris, le dix sept Janvier mil huit cent soixante dix
608 3151 2218 3273 huit, au reçu de trois francs soixante quinze centimes par le
