<?xml version="1.0" encoding="UTF-8"  standalone="yes"?>
<PcGts xmlns="http://schema.primaresearch.org/PAGE/gts/pagecontent/2019-07-15" xmlns:xsi="http://www.w3.org/2001/XMLSchema-instance" xsi:schemaLocation="http://schema.primaresearch.org/PAGE/gts/pagecontent/2019-07-15 http://schema.primaresearch.org/PAGE/gts/pagecontent/2019-07-15/pagecontent.xsd">
  <Metadata>
	<Creator>escriptorium</Creator>
	<Created>2021-05-10T12:12:00.927884+00:00</Created>
    <LastChange>2021-05-10T12:12:00.927908+00:00</LastChange>
  </Metadata>
  <Page imageFilename="IMG_20190620_123329.jpg" imageWidth="2183" imageHeight="3376">

    
    <TextRegion id="eSc_textblock_28fe9619"  >
      <Coords points="1284,135 1585,168 1540,233 1461,247 1509,281 2002,270 2104,382 2081,424 1205,413 1011,461 1946,483 2013,517 2047,706 2092,731 2036,1226 2070,1519 2036,1654 2070,3080 1912,3125 1352,3125 495,3226 473,2925 518,2833 518,2216 90,2202 78,2104 202,2011 247,1879 45,1853 45,1721 112,1631 402,1654 495,1617 484,1440 540,1336 507,964 529,585 563,548 540,281 1259,270 1270,222 1126,211 1126,157 1284,135"/>
      
    </TextRegion>
    
    <TextRegion id="eSc_textblock_97340619"  >
      <Coords points="270,1046 346,1046 357,1100 278,1226 312,1302 225,1302 270,1046"/>
      
    </TextRegion>
    

    
    <TextRegion id="eSc_dummyblock_">
    
    
      <TextLine id="r2l1" >
        <Coords points="1129,188 1146,143 1205,132 1239,154 1273,135 1315,137 1346,165 1509,171 1526,160 1552,168 1557,205 1501,222 1481,211 1430,219 1256,202 1132,205"/>
        <Baseline points="1130,189 1155,192 1180,195 1205,196 1231,198 1256,200 1281,201 1307,203 1332,204 1357,205 1382,206 1408,206 1433,207 1458,207 1484,207 1509,207 1534,207 1560,206"/>
        <TextEquiv>
          <Unicode>Audience</Unicode>
        </TextEquiv>
      </TextLine>

    
    
      <TextLine id="r2l2" >
        <Coords points="1273,272 1278,219 1306,219 1329,241 1368,241 1374,278 1363,286 1275,281"/>
        <Baseline points="1274,275 1299,276 1325,277 1351,278 1377,280"/>
        <TextEquiv>
          <Unicode>du</Unicode>
        </TextEquiv>
      </TextLine>

    
    
      <TextLine id="r2l3" >
        <Coords points="554,351 557,289 574,278 602,278 630,298 681,278 802,278 856,309 907,309 949,289 991,301 1014,284 1056,292 1098,275 1191,275 1222,292 1233,284 1264,306 1419,303 1439,284 1622,303 1684,281 1712,295 1760,270 1828,270 1856,286 1873,278 1901,301 1963,281 1988,292 1997,340 1983,362 1887,351 1856,371 1670,371 1630,360 1611,371 1566,354 1521,374 1464,374 1419,371 1377,348 1349,362 1318,348 1284,360 1261,348 1236,360 1191,348 1076,348 1047,360 1002,348 968,376 909,376 884,351 842,379 811,379 783,351 681,351 636,371 614,354 602,365 557,354"/>
        <Baseline points="556,352 628,348 700,345 772,342 844,341 916,341 988,341 1061,342 1133,343 1205,345 1277,347 1349,349 1421,350 1493,352 1566,353 1638,353 1710,353 1782,352 1854,350 1926,347 1999,343"/>
        <TextEquiv>
          <Unicode>Jeudi Vingt quatre Janvier mil huit cent soixante</Unicode>
        </TextEquiv>
      </TextLine>

    
    
      <TextLine id="r2l4" >
        <Coords points="563,422 566,365 608,393 661,393 690,365 740,362 777,393 833,393 847,382 887,393 923,379 932,416 901,433 876,422 830,438 768,424 735,450 676,450 585,427 566,438"/>
        <Baseline points="566,424 592,425 618,425 645,425 671,425 697,425 724,424 750,423 776,422 803,421 829,420 855,419 882,419 908,418 935,417"/>
        <TextEquiv>
          <Unicode>dix huit</Unicode>
        </TextEquiv>
      </TextLine>

    
    
      <TextLine id="r2l5" >
        <Coords points="1340,551 1346,469 1436,469 1467,472 1543,526 1673,528 1706,497 1754,500 1802,528 1853,520 1890,534 1921,514 1932,517 1937,568 1929,579 1808,590 1760,576 1706,587 1343,576"/>
        <Baseline points="1342,554 1371,559 1401,562 1431,565 1461,568 1491,570 1520,572 1550,573 1580,573 1610,574 1640,574 1669,573 1699,573 1729,572 1759,571 1789,571 1818,570 1848,570 1878,569 1908,569 1938,569"/>
        <TextEquiv>
          <Unicode>Siégeaient : Messieurs</Unicode>
        </TextEquiv>
      </TextLine>

    
    
      <TextLine id="r2l6" >
        <Coords points="554,652 557,587 597,599 633,590 661,613 701,610 726,590 766,610 808,613 842,596 864,610 907,610 918,599 957,607 988,590 1028,610 1098,610 1129,582 1199,593 1259,582 1290,607 1360,607 1399,579 1523,579 1563,604 1597,585 1681,579 1704,590 1723,576 1749,602 1847,602 1912,576 1921,638 1912,655 1740,647 1467,658 1456,647 1394,647 1343,658 1177,647 1135,661 1112,647 1084,663 1073,652 983,663 966,649 830,649 819,663 774,652 642,663 611,652 557,663"/>
        <Baseline points="555,655 623,653 691,651 760,650 828,648 897,648 965,647 1033,646 1102,646 1170,646 1239,646 1307,646 1375,646 1444,646 1512,645 1581,645 1649,645 1717,644 1786,643 1854,642 1923,640"/>
        <TextEquiv>
          <Unicode>Marienval, Chevalier de la Légion d&#39;honneur,</Unicode>
        </TextEquiv>
      </TextLine>

    
    
      <TextLine id="r2l7" >
        <Coords points="552,731 554,686 591,669 673,669 690,683 709,675 735,692 814,689 828,675 861,689 901,678 957,689 997,686 1039,663 1104,686 1168,661 1329,661 1354,683 1374,683 1408,680 1430,658 1543,680 1568,661 1644,678 1698,663 1785,678 1875,666 1906,675 1935,655 1949,669 1980,658 1988,711 1977,723 968,723 554,739"/>
        <Baseline points="553,732 624,729 696,726 768,723 840,722 912,720 983,719 1055,718 1127,718 1199,717 1271,717 1342,717 1414,717 1486,717 1558,717 1630,717 1701,717 1773,716 1845,715 1917,714 1989,713"/>
        <TextEquiv>
          <Unicode>Président du conseil de Prud&#39;hommes du Département de la</Unicode>
        </TextEquiv>
      </TextLine>

    
    
      <TextLine id="r2l8" >
        <Coords points="563,804 566,770 588,770 616,742 659,770 690,770 718,751 752,762 802,737 918,734 968,734 1005,765 1047,742 1098,748 1115,734 1160,762 1188,748 1245,759 1281,728 1301,728 1337,753 1388,759 1450,725 1470,725 1504,756 1554,728 1577,731 1602,756 1628,756 1729,753 1774,725 1814,725 1850,751 1966,745 1983,751 1991,782 1952,798 1780,801 1704,790 1630,804 1402,796 1360,807 1346,793 1278,793 1022,807 921,796 566,813"/>
        <Baseline points="565,805 636,802 707,798 779,796 850,794 922,793 993,792 1064,791 1136,791 1207,792 1279,792 1350,792 1421,793 1493,793 1564,793 1636,793 1707,792 1778,791 1850,789 1921,787 1993,784"/>
        <TextEquiv>
          <Unicode>Seine pour l&#39;industrie des Tissus, Deforge, Meunier,</Unicode>
        </TextEquiv>
      </TextLine>

    
    
      <TextLine id="r2l9" >
        <Coords points="557,874 563,813 687,827 701,813 726,813 760,841 861,841 898,810 943,827 971,807 1042,838 1067,821 1121,827 1146,804 1208,832 1256,801 1309,801 1357,832 1394,801 1442,798 1470,818 1506,813 1523,829 1574,829 1670,827 1701,796 1749,793 1844,824 1921,815 1929,852 1918,866 1887,860 1870,877 1791,877 1774,860 1752,860 1729,877 1712,866 1698,877 1684,866 1540,874 1521,863 1447,863 1363,880 1323,866 1304,886 1267,886 1247,872 1222,880 1211,869 1183,886 1149,866 1112,866 1064,891 1019,891 997,869 921,869 895,894 861,894 822,872 690,877 656,894 608,874 560,883"/>
        <Baseline points="560,877 628,874 697,871 765,870 834,868 902,867 971,866 1039,865 1108,864 1176,864 1245,863 1314,863 1382,863 1451,863 1519,862 1588,862 1656,861 1725,860 1793,859 1862,857 1931,855"/>
        <TextEquiv>
          <Unicode>Platiau, Angibons, Cusse et Ragoz,</Unicode>
        </TextEquiv>
      </TextLine>

    
    
      <TextLine id="r2l10" >
        <Coords points="532,953 535,891 639,891 661,905 684,889 760,889 799,919 830,919 845,905 904,919 949,891 983,897 1002,883 1053,908 1098,880 1129,903 1205,877 1228,897 1256,877 1295,908 1329,897 1343,908 1414,908 1484,872 1537,872 1568,900 1585,891 1599,903 1799,891 1814,900 1856,897 1904,863 1923,880 1952,872 1960,922 1926,939 1870,931 1833,950 1791,936 1771,956 1698,959 1644,959 1616,939 1597,953 1560,939 1337,948 1321,936 1233,967 1168,942 1101,959 1050,945 1019,964 985,953 971,967 937,956 915,967 898,950 853,962 836,945 777,956 721,948 709,959 661,950 642,964 568,953 535,967"/>
        <Baseline points="533,956 604,952 675,949 747,946 818,944 890,942 961,941 1033,940 1104,939 1176,939 1247,939 1318,939 1390,939 1461,939 1533,938 1604,937 1676,936 1747,934 1819,932 1890,929 1962,925"/>
        <TextEquiv>
          <Unicode>Prud&#39;hommes assistés de Monsieur Lecucq, Secrétaire</Unicode>
        </TextEquiv>
      </TextLine>

    
    
      <TextLine id="r2l11" >
        <Coords points="566,1026 568,987 614,976 664,987 726,959 811,953 830,953 859,979 895,950 926,970 997,973 1005,1007 999,1021 943,1012 861,1026 842,1018 814,1029 709,1024 568,1038"/>
        <Baseline points="568,1028 593,1026 619,1024 645,1023 671,1021 697,1020 722,1019 748,1018 774,1017 800,1016 826,1015 852,1014 877,1013 903,1012 929,1011 955,1011 981,1010 1007,1009"/>
        <TextEquiv>
          <Unicode>dudit Conseil.</Unicode>
        </TextEquiv>
      </TextLine>

    
    
      <TextLine id="r2l12" >
        <Coords points="788,1161 791,1116 825,1116 876,1088 909,1100 923,1085 960,1114 1028,1111 1084,1057 1146,1102 1177,1085 1199,1108 1292,1108 1363,1046 1557,1040 1633,1040 1709,1097 1763,1091 1794,1063 1816,1077 1825,1139 1794,1153 1777,1142 1726,1147 1709,1161 1675,1150 1661,1164 1574,1164 1557,1150 1481,1161 1459,1147 1385,1164 1273,1156 1247,1170 1222,1153 1123,1173 1081,1153 1039,1175 977,1159 909,1173 898,1164 870,1178 819,1164 794,1178"/>
        <Baseline points="790,1164 841,1161 893,1159 945,1157 997,1155 1049,1153 1101,1152 1152,1151 1204,1150 1256,1149 1308,1148 1360,1148 1412,1147 1464,1147 1515,1146 1567,1146 1619,1145 1671,1145 1723,1144 1775,1143 1827,1141"/>
        <TextEquiv>
          <Unicode>Entre Monsieur Edouard Stozicky</Unicode>
        </TextEquiv>
      </TextLine>

    
    
      <TextLine id="r2l13" >
        <Coords points="568,1243 580,1201 752,1206 783,1178 816,1178 850,1198 870,1175 963,1173 1025,1187 1078,1173 1109,1195 1146,1175 1168,1192 1199,1167 1264,1164 1405,1187 1430,1164 1470,1184 1554,1173 1661,1181 1670,1212 1659,1223 1574,1218 1543,1229 1481,1218 1464,1232 1242,1226 1197,1237 1174,1226 1160,1237 1073,1229 1047,1243 1019,1232 1008,1243 901,1235 867,1249 788,1240 757,1251 726,1240 571,1251"/>
        <Baseline points="571,1245 626,1242 681,1240 736,1237 791,1235 846,1233 901,1232 956,1230 1011,1229 1066,1228 1122,1226 1177,1225 1232,1224 1287,1223 1342,1222 1397,1220 1452,1219 1507,1218 1562,1216 1617,1215 1673,1213"/>
        <TextEquiv>
          <Unicode>ouvrier confectionneur de vêtements pour dame</Unicode>
        </TextEquiv>
      </TextLine>

    
    
      <TextLine id="r2l14" >
        <Coords points="678,1305 681,1274 701,1274 726,1249 780,1257 816,1246 833,1263 853,1251 884,1268 909,1243 946,1243 980,1268 1008,1243 1030,1266 1104,1266 1242,1260 1253,1249 1278,1260 1312,1235 1368,1232 1394,1257 1425,1257 1498,1235 1526,1246 1557,1226 1616,1229 1628,1240 1664,1226 1771,1240 1791,1226 1802,1235 1816,1220 1859,1218 1926,1240 1946,1232 1968,1271 1963,1288 1856,1280 1819,1299 1777,1282 1737,1296 1673,1285 1644,1302 1616,1288 1552,1288 1526,1308 1394,1291 1323,1294 1284,1311 1264,1296 1219,1296 1199,1313 1140,1299 1076,1305 1059,1319 1030,1302 968,1322 878,1325 861,1311 850,1322 830,1308 799,1308 774,1327 757,1313 684,1319"/>
        <Baseline points="679,1308 743,1306 808,1304 872,1303 937,1301 1002,1299 1066,1298 1131,1296 1195,1294 1260,1293 1325,1291 1389,1290 1454,1288 1518,1286 1583,1285 1647,1283 1712,1282 1777,1279 1841,1278 1906,1276 1971,1273"/>
        <TextEquiv>
          <Unicode>Entre Monsieur Foucher, confectionneur de vêtements</Unicode>
        </TextEquiv>
      </TextLine>

    
    
      <TextLine id="r2l15" >
        <Coords points="557,1389 563,1347 630,1330 698,1344 718,1327 752,1327 791,1350 822,1339 949,1344 991,1319 1039,1341 1112,1325 1135,1333 1163,1319 1177,1330 1245,1333 1318,1308 1349,1330 1405,1327 1445,1305 1498,1325 1537,1299 1574,1308 1619,1296 1664,1296 1687,1319 1740,1305 1780,1316 1839,1299 1859,1311 1904,1288 1949,1285 1960,1341 1926,1353 1887,1347 1867,1361 1794,1347 1780,1358 1749,1353 1735,1364 1723,1353 1628,1370 1583,1356 1521,1372 1388,1361 1366,1378 1309,1364 1261,1375 1135,1370 1098,1386 1056,1372 1045,1386 1033,1378 1016,1389 895,1378 878,1395 763,1384 715,1401 692,1386 642,1386 563,1403"/>
        <Baseline points="560,1390 630,1386 700,1383 770,1380 840,1377 910,1375 980,1372 1050,1370 1120,1368 1190,1366 1261,1364 1331,1362 1401,1360 1471,1358 1541,1356 1611,1354 1681,1352 1751,1350 1821,1348 1891,1345 1962,1343"/>
        <TextEquiv>
          <Unicode>pour dames, demeurant et domicilié à Paris, rue de la</Unicode>
        </TextEquiv>
      </TextLine>

    
    
      <TextLine id="r2l16" >
        <Coords points="554,1457 557,1434 622,1434 639,1420 684,1429 729,1406 768,1426 788,1406 833,1426 864,1415 971,1420 1005,1401 1030,1401 1047,1417 1104,1417 1143,1415 1185,1381 1326,1378 1368,1395 1425,1372 1464,1403 1521,1375 1543,1389 1619,1398 1678,1370 1704,1381 1760,1361 1825,1358 1881,1389 1923,1356 1963,1356 1983,1375 1991,1370 1999,1406 1991,1429 1963,1412 1890,1426 1816,1415 1673,1440 1594,1423 1433,1448 1394,1434 1275,1434 1253,1454 1216,1440 1115,1440 1030,1454 988,1443 954,1462 842,1448 712,1474 636,1462 577,1477 560,1465"/>
        <Baseline points="557,1460 629,1457 701,1455 773,1452 845,1449 918,1447 990,1444 1062,1442 1134,1439 1206,1437 1279,1434 1351,1432 1423,1429 1495,1427 1567,1424 1640,1422 1712,1419 1784,1417 1856,1414 1928,1412 2001,1409"/>
        <TextEquiv>
          <Unicode>Paix, numéro cinq ; Défendeur au principal ; Demandeur</Unicode>
        </TextEquiv>
      </TextLine>

    
    
      <TextLine id="r2l17" >
        <Coords points="535,1533 538,1491 611,1477 625,1462 684,1485 749,1485 811,1454 895,1462 918,1448 949,1471 971,1448 1078,1454 1092,1443 1118,1443 1152,1468 1208,1443 1236,1443 1261,1462 1278,1451 1292,1465 1368,1451 1383,1462 1414,1451 1487,1460 1535,1429 1568,1446 1588,1426 1611,1440 1636,1426 1673,1451 1735,1451 1780,1420 1816,1417 1844,1417 1873,1443 1898,1446 1929,1443 1963,1415 2002,1431 2011,1482 1991,1507 1954,1482 1901,1505 1878,1491 1844,1513 1763,1516 1718,1493 1675,1493 1653,1510 1628,1493 1577,1522 1509,1502 1436,1499 1329,1522 1306,1505 1230,1519 1194,1510 1146,1536 1112,1519 1081,1533 1059,1513 985,1522 943,1544 884,1524 757,1550 737,1530 698,1527 653,1544 639,1536 614,1555 538,1555"/>
        <Baseline points="537,1535 610,1532 684,1529 758,1526 832,1523 906,1519 979,1516 1053,1513 1127,1510 1201,1507 1275,1504 1348,1501 1422,1498 1496,1496 1570,1493 1644,1491 1717,1489 1791,1487 1865,1485 1939,1484 2013,1483"/>
        <TextEquiv>
          <Unicode>Opposant ; Défaillant ; D&#39;une part ; Et Monsieur Stozicky,</Unicode>
        </TextEquiv>
      </TextLine>

    
    
      <TextLine id="r2l18" >
        <Coords points="549,1606 552,1581 574,1564 594,1581 808,1572 842,1547 873,1564 890,1555 935,1567 983,1538 1028,1533 1112,1533 1126,1547 1146,1538 1163,1555 1228,1544 1354,1550 1377,1527 1428,1522 1459,1544 1487,1524 1512,1541 1537,1519 1571,1541 1599,1516 1712,1505 1735,1505 1780,1533 1828,1530 1853,1507 1892,1524 1926,1496 1983,1496 1994,1547 1988,1569 1974,1555 1921,1572 1875,1552 1785,1578 1740,1567 1704,1575 1687,1564 1647,1578 1602,1564 1557,1578 1537,1567 1428,1581 1397,1572 1304,1595 1275,1583 1225,1595 1185,1581 1090,1600 1073,1589 1030,1609 980,1595 963,1612 940,1612 915,1595 892,1614 839,1614 819,1600 794,1609 780,1597 690,1603 656,1623 625,1606 614,1620 554,1614"/>
        <Baseline points="551,1607 623,1605 695,1602 767,1599 839,1596 912,1593 984,1591 1056,1587 1128,1584 1200,1581 1273,1578 1345,1575 1417,1572 1489,1569 1561,1566 1634,1563 1706,1560 1778,1557 1850,1554 1922,1552 1995,1550"/>
        <TextEquiv>
          <Unicode>ouvrier en confection, demeurant à Paris, rue Chérubini, numéro</Unicode>
        </TextEquiv>
      </TextLine>

    
    
      <TextLine id="r2l19" >
        <Coords points="552,1676 554,1634 594,1634 616,1617 647,1642 670,1640 695,1612 777,1609 799,1623 819,1606 859,1634 937,1631 954,1612 991,1628 1132,1623 1154,1600 1219,1620 1270,1603 1287,1614 1309,1595 1332,1609 1371,1583 1495,1589 1506,1578 1557,1575 1625,1603 1718,1583 1754,1597 1802,1583 1842,1592 1878,1569 1895,1575 1906,1620 1898,1648 1828,1651 1774,1631 1740,1654 1636,1657 1506,1637 1459,1659 1439,1642 1385,1657 1366,1648 1343,1671 1264,1651 1239,1657 1225,1676 1166,1676 1098,1654 1064,1668 1028,1659 1008,1673 966,1659 952,1673 918,1662 881,1676 830,1668 794,1690 732,1673 687,1699 608,1676 577,1690 557,1685"/>
        <Baseline points="554,1678 621,1676 689,1673 757,1669 825,1666 892,1664 960,1661 1028,1657 1096,1654 1163,1652 1231,1648 1299,1646 1367,1643 1434,1640 1502,1637 1570,1634 1638,1631 1705,1629 1773,1626 1841,1624 1909,1621"/>
        <TextEquiv>
          <Unicode>deux ; Demandeur au principal ; Défendeur opposant ;</Unicode>
        </TextEquiv>
      </TextLine>

    
    
      <TextLine id="r1l1" >
        <Coords points="81,1772 84,1727 239,1718 256,1702 318,1721 385,1699 414,1710 507,1693 509,1766 352,1766 298,1792 259,1794 194,1775 169,1797 121,1786 87,1797"/>
        <Baseline points="83,1775 108,1774 133,1773 159,1772 184,1771 210,1769 235,1767 261,1765 286,1764 312,1762 337,1761 363,1759 388,1758 414,1757 439,1757 465,1757 490,1758 516,1759"/>
        <TextEquiv>
          <Unicode>deux lignes rayées</Unicode>
        </TextEquiv>
      </TextLine>

    
    
      <TextLine id="r2l20" >
        <Coords points="540,1747 543,1721 577,1690 625,1690 647,1710 687,1699 740,1713 797,1696 850,1699 901,1676 999,1673 1025,1688 1098,1671 1135,1688 1157,1671 1183,1693 1214,1693 1242,1662 1301,1662 1329,1688 1368,1668 1408,1685 1433,1654 1478,1668 1504,1651 1535,1665 1554,1651 1585,1676 1633,1676 1814,1668 1836,1657 1875,1665 1929,1648 1943,1688 1926,1699 1901,1688 1881,1702 1819,1693 1808,1704 1797,1693 1743,1693 1673,1724 1628,1704 1571,1702 1526,1713 1501,1704 1473,1721 1459,1707 1405,1718 1354,1710 1304,1718 1290,1733 1219,1716 1140,1747 1092,1724 1064,1749 1002,1752 949,1733 937,1744 898,1738 870,1755 853,1747 808,1761 656,1752 642,1766 563,1769 546,1755"/>
        <Baseline points="541,1748 611,1745 681,1743 751,1740 821,1736 892,1733 962,1730 1032,1727 1102,1723 1172,1720 1243,1716 1313,1713 1383,1709 1453,1706 1523,1703 1594,1700 1664,1697 1734,1694 1804,1692 1874,1690 1945,1688"/>
        <TextEquiv>
          <Unicode>Comparant ; D&#39;autre part ; Point de fait = Par jugement</Unicode>
        </TextEquiv>
      </TextLine>

    
    
      <TextLine id="r1l2" >
        <Coords points="78,1839 84,1811 132,1792 163,1814 208,1814 239,1792 261,1808 287,1800 304,1811 340,1808 368,1783 394,1780 430,1780 439,1828 416,1856 399,1842 335,1859 84,1853"/>
        <Baseline points="79,1842 104,1843 130,1844 156,1844 182,1844 208,1844 234,1843 260,1841 285,1840 311,1838 337,1836 363,1835 389,1833 415,1831 441,1830"/>
        <TextEquiv>
          <Unicode>comme nulles</Unicode>
        </TextEquiv>
      </TextLine>

    
    
      <TextLine id="r2l21" >
        <Coords points="540,1823 543,1792 622,1789 647,1772 664,1786 723,1769 740,1783 811,1780 876,1749 937,1747 983,1766 1011,1758 1022,1769 1064,1769 1090,1766 1118,1741 1185,1763 1233,1758 1259,1733 1278,1733 1306,1758 1340,1755 1363,1738 1442,1752 1484,1727 1557,1721 1622,1744 1630,1733 1670,1741 1695,1713 1828,1710 1842,1724 1881,1724 1904,1704 1932,1713 1946,1702 1983,1721 1991,1758 1985,1772 1963,1761 1867,1761 1816,1778 1760,1766 1673,1789 1614,1772 1597,1789 1574,1775 1498,1786 1490,1778 1473,1797 1433,1783 1411,1794 1399,1783 1371,1786 1340,1803 1304,1789 1242,1789 1225,1806 1180,1794 1168,1808 1157,1797 1084,1808 1056,1797 980,1820 940,1803 856,1825 732,1820 715,1831 664,1820 639,1834 546,1831"/>
        <Baseline points="543,1825 615,1822 688,1818 760,1814 833,1811 905,1807 978,1803 1050,1799 1123,1794 1195,1791 1268,1786 1340,1782 1413,1778 1485,1775 1558,1772 1630,1768 1703,1766 1775,1763 1848,1761 1920,1760 1993,1759"/>
        <TextEquiv>
          <Unicode>rendu par défaut par le conseil de Prud&#39;hommes du Département</Unicode>
        </TextEquiv>
      </TextLine>

    
    
      <TextLine id="r2l22" >
        <Coords points="560,1890 566,1859 616,1839 636,1851 670,1828 732,1842 752,1825 791,1851 839,1851 864,1834 881,1848 954,1845 991,1842 1016,1811 1039,1811 1067,1837 1123,1806 1245,1803 1267,1823 1301,1803 1352,1825 1397,1800 1439,1820 1467,1803 1504,1817 1549,1786 1633,1803 1653,1780 1684,1808 1797,1803 1867,1769 1918,1769 1926,1823 1921,1839 1816,1828 1794,1839 1704,1837 1670,1851 1622,1839 1571,1859 1529,1845 1464,1859 1425,1853 1411,1865 1380,1853 1306,1856 1275,1873 1247,1859 1208,1873 1140,1862 1112,1882 1073,1868 1036,1882 1022,1870 1008,1884 968,1873 943,1890 909,1879 845,1896 732,1899 695,1884 566,1899"/>
        <Baseline points="561,1891 629,1888 697,1886 766,1883 834,1879 903,1876 971,1872 1039,1869 1108,1866 1176,1862 1245,1858 1313,1854 1381,1851 1450,1847 1518,1843 1587,1840 1655,1837 1723,1833 1792,1830 1860,1827 1929,1824"/>
        <TextEquiv>
          <Unicode>de la Seine pour l&#39;industrie des Tissus le vingt Décembre</Unicode>
        </TextEquiv>
      </TextLine>

    
    
      <TextLine id="r2l23" >
        <Coords points="540,1960 552,1921 594,1927 608,1910 630,1915 664,1893 752,1896 783,1918 836,1915 861,1893 887,1913 946,1901 1016,1907 1045,1884 1087,1901 1135,1870 1309,1893 1349,1873 1399,1882 1428,1856 1445,1865 1543,1851 1574,1870 1594,1851 1625,1848 1661,1876 1704,1873 1735,1842 1777,1853 1791,1839 1870,1837 1898,1862 1997,1859 2005,1890 1991,1904 1906,1899 1878,1913 1830,1901 1799,1918 1783,1904 1757,1918 1737,1907 1681,1918 1656,1910 1574,1932 1537,1915 1450,1938 1428,1927 1405,1944 1340,1929 1321,1946 1264,1929 1185,1958 1053,1963 1025,1944 1011,1963 974,1946 943,1963 901,1949 876,1960 845,1952 814,1974 774,1977 732,1977 695,1960 560,1977 546,1966"/>
        <Baseline points="543,1961 616,1959 689,1957 762,1954 835,1951 908,1948 981,1944 1055,1940 1128,1937 1201,1933 1274,1929 1347,1925 1420,1921 1493,1917 1567,1912 1640,1908 1713,1905 1786,1901 1859,1898 1932,1894 2006,1891"/>
        <TextEquiv>
          <Unicode>mil huit cent soixante dix huit ; enregistré, Foucher a été condamné</Unicode>
        </TextEquiv>
      </TextLine>

    
    
      <TextLine id="r2l24" >
        <Coords points="549,2034 552,2005 585,1977 625,1986 656,1972 687,2000 757,1997 788,1994 822,1963 861,1972 921,1958 949,1972 968,1955 1005,1966 1039,1952 1081,1977 1129,1977 1149,1958 1183,1974 1247,1969 1290,1938 1318,1949 1326,1941 1366,1963 1391,1963 1416,1932 1459,1932 1487,1958 1504,1941 1529,1952 1557,1935 1577,1952 1687,1946 1735,1927 1763,1944 1788,1927 1864,1938 1909,1907 1952,1904 1977,1918 1985,1958 1966,1974 1937,1963 1906,1977 1878,1966 1861,1989 1825,1991 1718,1994 1701,1980 1650,1997 1622,1983 1602,2003 1537,2005 1512,1989 1473,1989 1445,2003 1428,1994 1399,2014 1360,1997 1326,2014 1304,2000 1236,2017 1197,2005 1123,2025 1101,2008 1078,2019 1039,2014 1022,2031 985,2019 963,2036 940,2025 918,2039 887,2022 842,2036 819,2025 726,2031 704,2050 678,2031 628,2050 599,2036 554,2048"/>
        <Baseline points="551,2036 622,2034 694,2031 766,2028 838,2024 910,2021 981,2017 1053,2012 1125,2008 1197,2004 1269,1999 1340,1995 1412,1990 1484,1986 1556,1982 1628,1978 1699,1973 1771,1970 1843,1966 1915,1963 1987,1960"/>
        <TextEquiv>
          <Unicode>à payer à Stozicky la somme de sept cent quarante sept francs</Unicode>
        </TextEquiv>
      </TextLine>

    
    
      <TextLine id="r1l4" >
        <Coords points="104,2129 107,2104 188,2104 211,2093 239,2101 295,2070 385,2070 394,2124 383,2202 309,2194 250,2205 205,2194 183,2208 138,2208 109,2194"/>
        <Baseline points="107,2131 133,2128 159,2126 185,2124 211,2124 237,2123 264,2124 290,2124 316,2125 342,2125 368,2126 395,2126"/>
        <TextEquiv>
          <Unicode>Lecucq</Unicode>
        </TextEquiv>
      </TextLine>

    
    
      <TextLine id="r2l25" >
        <Coords points="560,2101 563,2045 608,2042 633,2062 650,2042 687,2039 715,2062 749,2062 814,2031 867,2050 907,2028 937,2050 966,2050 997,2022 1118,2017 1177,2039 1281,2034 1301,2014 1332,2025 1388,2005 1408,2019 1428,2000 1521,2017 1557,1991 1628,2014 1673,2011 1698,1994 1726,2008 1844,2003 1867,1980 1898,1997 1906,2028 1884,2045 1721,2042 1684,2064 1656,2048 1540,2062 1495,2053 1456,2070 1436,2062 1416,2079 1366,2064 1326,2081 1245,2070 1219,2087 1146,2076 1050,2090 997,2084 966,2104 921,2107 836,2093 816,2110 718,2118 681,2101 633,2121 611,2107 599,2121 583,2112 566,2124"/>
        <Baseline points="563,2104 630,2102 697,2099 764,2096 831,2093 899,2089 966,2085 1033,2082 1100,2078 1167,2074 1235,2070 1302,2066 1369,2062 1436,2057 1503,2053 1571,2049 1638,2045 1705,2041 1772,2037 1839,2033 1907,2030"/>
        <TextEquiv>
          <Unicode>de principal, plus indemnité de temps perdu devant les</Unicode>
        </TextEquiv>
      </TextLine>

    
    
      <TextLine id="r2l26" >
        <Coords points="549,2174 552,2129 599,2121 636,2146 754,2140 791,2112 811,2112 836,2135 867,2115 915,2132 971,2101 1076,2124 1132,2093 1239,2115 1284,2090 1337,2110 1504,2101 1532,2073 1630,2093 1690,2064 1718,2073 1732,2062 1842,2056 1861,2076 1887,2076 1923,2053 1985,2050 1994,2098 1988,2118 1946,2107 1935,2121 1847,2124 1836,2112 1780,2129 1670,2135 1622,2124 1566,2140 1535,2129 1512,2143 1461,2132 1405,2149 1354,2138 1301,2140 1287,2155 1230,2157 1208,2146 1174,2160 1140,2149 1073,2166 1039,2155 977,2171 935,2160 870,2177 830,2166 811,2180 678,2174 653,2188 605,2177 588,2191 552,2191"/>
        <Baseline points="552,2175 624,2173 696,2170 768,2167 841,2164 913,2160 985,2156 1057,2152 1130,2148 1202,2143 1274,2138 1346,2134 1419,2129 1491,2125 1563,2120 1635,2117 1708,2113 1780,2109 1852,2106 1924,2103 1997,2101"/>
        <TextEquiv>
          <Unicode>Bureaux du Conseil et les accessoires. Le jugement fut signifié</Unicode>
        </TextEquiv>
      </TextLine>

    
    
      <TextLine id="r2l27" >
        <Coords points="532,2253 535,2219 563,2219 585,2191 599,2202 619,2188 664,2200 678,2185 721,2183 749,2208 768,2208 819,2177 867,2202 898,2200 929,2177 971,2197 1042,2191 1095,2166 1152,2185 1171,2166 1225,2155 1247,2174 1273,2160 1301,2177 1340,2155 1377,2171 1422,2171 1475,2140 1512,2149 1577,2135 1602,2160 1625,2160 1701,2143 1726,2155 1752,2132 1799,2140 1830,2121 1906,2143 1935,2121 1949,2174 1929,2185 1887,2180 1867,2197 1847,2183 1819,2197 1808,2185 1757,2200 1726,2188 1599,2194 1580,2205 1563,2197 1521,2222 1490,2225 1442,2214 1425,2228 1394,2228 1354,2208 1326,2233 1256,2236 1208,2216 1166,2233 1109,2225 1087,2245 1045,2233 1033,2250 957,2253 935,2236 878,2256 847,2239 830,2259 797,2245 777,2261 743,2247 732,2259 625,2253 538,2275"/>
        <Baseline points="535,2255 605,2252 676,2249 747,2245 818,2241 889,2237 959,2232 1030,2228 1101,2224 1172,2219 1243,2214 1313,2209 1384,2205 1455,2201 1526,2197 1597,2193 1667,2189 1738,2185 1809,2182 1880,2179 1951,2177"/>
        <TextEquiv>
          <Unicode>à Foucher par exploit de Champion, huissier, enregistré, à</Unicode>
        </TextEquiv>
      </TextLine>

    
    
      <TextLine id="r2l28" >
        <Coords points="526,2318 529,2281 574,2259 645,2284 695,2281 721,2259 802,2275 839,2245 901,2256 926,2239 968,2267 1019,2264 1045,2233 1078,2261 1132,2259 1149,2236 1183,2225 1222,2225 1256,2250 1287,2250 1315,2239 1363,2245 1388,2228 1419,2233 1433,2219 1490,2239 1526,2219 1554,2228 1580,2205 1647,2200 1735,2197 1763,2222 1799,2222 1830,2197 1881,2205 1906,2185 1932,2197 1966,2188 1974,2239 1923,2259 1884,2247 1867,2270 1814,2273 1785,2256 1766,2275 1690,2278 1614,2261 1436,2287 1374,2278 1352,2298 1304,2281 1261,2295 1208,2287 1174,2306 1106,2292 1092,2309 1042,2315 949,2315 929,2304 847,2309 833,2321 754,2318 726,2332 704,2318 673,2326 636,2315 616,2326 532,2326"/>
        <Baseline points="529,2319 601,2318 673,2316 746,2313 818,2310 891,2306 963,2302 1035,2297 1108,2292 1180,2287 1253,2282 1325,2277 1397,2272 1470,2267 1542,2262 1615,2258 1687,2254 1759,2250 1832,2246 1904,2243 1977,2241"/>
        <TextEquiv>
          <Unicode>la requête de Stozicky. Suivant exploit de Minaud, huissier</Unicode>
        </TextEquiv>
      </TextLine>

    
    
      <TextLine id="r2l29" >
        <Coords points="529,2399 532,2371 616,2368 664,2332 707,2329 752,2357 797,2357 881,2343 929,2315 949,2332 1005,2312 1047,2340 1090,2309 1143,2309 1191,2332 1245,2323 1284,2292 1329,2292 1354,2318 1411,2318 1467,2312 1518,2278 1568,2284 1636,2270 1721,2281 1737,2295 1921,2270 1980,2281 1988,2306 1960,2326 1923,2315 1901,2326 1828,2321 1760,2340 1715,2332 1678,2349 1597,2351 1552,2337 1532,2357 1447,2363 1385,2349 1323,2371 1278,2371 1253,2357 1236,2377 1152,2363 1101,2377 1016,2374 1008,2385 974,2374 929,2396 901,2382 873,2399 850,2382 819,2399 797,2385 783,2399 661,2413 577,2399 535,2419"/>
        <Baseline points="531,2400 604,2396 677,2392 750,2387 823,2383 896,2378 969,2373 1042,2368 1115,2363 1188,2358 1261,2352 1334,2347 1407,2342 1480,2338 1553,2333 1626,2328 1699,2324 1772,2320 1845,2316 1918,2313 1991,2309"/>
        <TextEquiv>
          <Unicode>à Paris, en date du dix neuf Janvier mil huit cent soixante dix</Unicode>
        </TextEquiv>
      </TextLine>

    
    
      <TextLine id="r2l30" >
        <Coords points="540,2467 543,2436 566,2436 588,2408 622,2408 670,2430 754,2419 768,2399 802,2408 842,2394 895,2416 957,2385 1070,2405 1095,2391 1126,2396 1163,2371 1191,2371 1216,2391 1253,2366 1318,2380 1340,2360 1414,2357 1439,2377 1473,2380 1509,2377 1566,2346 1650,2368 1692,2351 1712,2363 1723,2351 1774,2360 1791,2340 1836,2354 1937,2343 1960,2349 1968,2377 1921,2394 1802,2391 1783,2408 1749,2391 1656,2416 1518,2408 1504,2422 1436,2413 1388,2427 1346,2416 1295,2430 1264,2422 1242,2439 1180,2427 1149,2441 1084,2436 1028,2453 1005,2441 980,2458 898,2450 811,2470 546,2481"/>
        <Baseline points="541,2469 612,2465 683,2461 755,2457 826,2452 898,2448 969,2443 1040,2438 1112,2433 1183,2428 1255,2423 1326,2417 1397,2413 1469,2408 1540,2403 1612,2398 1683,2394 1754,2390 1826,2385 1897,2382 1969,2378"/>
        <TextEquiv>
          <Unicode>huit, visé pour timbre et Enregistré à Paris, le vingt un Janvier</Unicode>
        </TextEquiv>
      </TextLine>

    
    
      <TextLine id="r2l31" >
        <Coords points="549,2540 552,2501 611,2501 687,2472 757,2492 845,2484 864,2461 898,2458 923,2478 991,2475 1033,2456 1073,2461 1106,2447 1121,2461 1149,2441 1191,2439 1230,2461 1295,2444 1318,2456 1346,2433 1388,2450 1430,2427 1453,2441 1506,2439 1532,2416 1619,2436 1704,2430 1749,2402 1805,2419 1839,2396 1864,2413 1957,2413 1966,2447 1937,2467 1926,2456 1839,2456 1794,2470 1743,2467 1709,2486 1625,2470 1588,2486 1521,2478 1495,2498 1453,2503 1323,2509 1287,2492 1194,2520 1177,2506 1152,2523 1076,2506 1064,2520 949,2517 876,2534 861,2523 822,2537 723,2532 656,2548 619,2540 554,2551"/>
        <Baseline points="550,2542 620,2537 691,2533 762,2527 833,2522 904,2517 975,2512 1046,2507 1117,2502 1188,2497 1259,2491 1329,2486 1400,2481 1471,2476 1542,2472 1613,2468 1684,2463 1755,2459 1826,2455 1897,2452 1968,2449"/>
        <TextEquiv>
          <Unicode>mil huit cent soixante dix huit, débet deux francs quinze centimes,</Unicode>
        </TextEquiv>
      </TextLine>

    
    
      <TextLine id="r2l32" >
        <Coords points="543,2607 546,2582 563,2582 594,2551 622,2577 667,2577 709,2562 735,2571 799,2534 842,2532 864,2548 887,2529 974,2523 1002,2548 1104,2548 1163,2540 1191,2515 1219,2540 1278,2503 1318,2503 1360,2532 1405,2529 1453,2501 1464,2512 1506,2512 1549,2486 1628,2481 1670,2512 1757,2472 1825,2501 1892,2475 1932,2492 1974,2486 1983,2515 1966,2532 1952,2520 1898,2520 1875,2534 1814,2529 1794,2540 1768,2526 1619,2546 1577,2540 1560,2554 1473,2548 1453,2568 1416,2571 1368,2574 1301,2557 1261,2562 1239,2582 1152,2588 1126,2571 1067,2585 1036,2577 1005,2596 971,2585 850,2607 833,2593 783,2610 735,2602 718,2616 549,2613"/>
        <Baseline points="546,2609 621,2606 697,2602 773,2598 848,2593 924,2588 1000,2582 1076,2576 1151,2570 1227,2564 1303,2558 1379,2552 1454,2546 1530,2541 1606,2535 1682,2531 1757,2526 1833,2522 1909,2518 1985,2516"/>
        <TextEquiv>
          <Unicode>signé : De feuillez, Foucher forma opposition à ce jugement et</Unicode>
        </TextEquiv>
      </TextLine>

    
    
      <TextLine id="r2l33" >
        <Coords points="532,2678 535,2638 568,2613 611,2622 650,2607 676,2630 695,2616 715,2622 737,2602 766,2602 791,2619 833,2596 870,2610 884,2593 912,2607 935,2591 980,2605 1118,2599 1163,2582 1199,2593 1233,2591 1253,2565 1281,2562 1402,2579 1526,2557 1537,2568 1580,2554 1605,2565 1636,2546 1726,2532 1777,2529 1808,2551 1839,2548 1892,2523 1904,2582 1873,2585 1856,2602 1828,2596 1788,2619 1763,2602 1704,2613 1678,2602 1664,2613 1633,2605 1611,2627 1560,2610 1523,2627 1467,2613 1405,2630 1354,2622 1343,2636 1304,2624 1247,2636 1219,2658 1123,2664 1064,2647 1016,2672 952,2675 935,2664 864,2681 825,2667 774,2683 749,2669 735,2683 721,2672 670,2675 628,2697 591,2678 538,2683"/>
        <Baseline points="533,2679 601,2676 670,2672 738,2668 807,2664 876,2659 944,2653 1013,2648 1082,2643 1150,2637 1219,2632 1288,2627 1356,2621 1425,2615 1494,2610 1562,2605 1631,2601 1700,2596 1768,2592 1837,2589 1906,2585"/>
        <TextEquiv>
          <Unicode>cita Stozicky à comparaître par devant le dit conseil de</Unicode>
        </TextEquiv>
      </TextLine>

    
    
      <TextLine id="r2l34" >
        <Coords points="529,2743 532,2714 549,2706 642,2709 673,2675 721,2703 802,2700 847,2669 870,2689 892,2686 907,2667 937,2692 1028,2686 1076,2650 1115,2675 1208,2675 1256,2638 1363,2633 1385,2655 1402,2644 1414,2652 1442,2627 1512,2647 1574,2622 1608,2644 1650,2624 1695,2644 1723,2630 1757,2636 1797,2613 1816,2627 1847,2602 1887,2599 1937,2605 1971,2652 1929,2672 1887,2658 1842,2683 1788,2686 1757,2667 1704,2683 1684,2672 1639,2686 1625,2675 1509,2683 1433,2709 1383,2712 1346,2695 1287,2717 1267,2700 1233,2712 1211,2700 1191,2712 988,2723 977,2737 876,2743 859,2731 799,2748 698,2740 619,2759 532,2754"/>
        <Baseline points="531,2745 603,2743 675,2740 747,2736 819,2731 891,2726 963,2721 1035,2715 1107,2710 1179,2704 1252,2697 1324,2692 1396,2686 1468,2680 1540,2675 1612,2670 1684,2666 1756,2662 1828,2658 1900,2656 1973,2654"/>
        <TextEquiv>
          <Unicode>Prud&#39;hommes séant en Bureau Général le Jeudi vingt quatre Janvier</Unicode>
        </TextEquiv>
      </TextLine>

    
    
      <TextLine id="r2l35" >
        <Coords points="532,2813 535,2776 619,2773 661,2745 718,2743 743,2762 777,2751 828,2759 859,2737 890,2754 963,2737 983,2748 1045,2745 1067,2720 1104,2734 1132,2714 1171,2726 1194,2712 1247,2709 1278,2728 1306,2712 1335,2717 1349,2700 1394,2720 1518,2703 1554,2712 1599,2683 1656,2695 1698,2678 1718,2692 1754,2686 1771,2697 1870,2689 1909,2664 1940,2681 1971,2675 1985,2717 1980,2737 1937,2740 1904,2726 1873,2740 1836,2728 1811,2743 1797,2731 1740,2737 1712,2765 1684,2768 1608,2771 1571,2745 1484,2751 1470,2765 1394,2757 1354,2779 1332,2762 1267,2765 1247,2785 1219,2782 1174,2802 1090,2802 1053,2779 1002,2813 839,2799 814,2824 788,2827 743,2830 695,2810 673,2824 625,2810 602,2835 568,2818 538,2827"/>
        <Baseline points="534,2814 606,2811 679,2807 751,2803 824,2798 897,2792 969,2786 1042,2781 1115,2775 1187,2769 1260,2763 1333,2757 1405,2751 1478,2746 1551,2740 1623,2736 1696,2732 1769,2727 1841,2724 1914,2722 1987,2720"/>
        <TextEquiv>
          <Unicode>mil huit cent soixante dix huit pour le voir recevoir opposant à ce</Unicode>
        </TextEquiv>
      </TextLine>

    
    
      <TextLine id="r2l36" >
        <Coords points="546,2883 549,2852 566,2844 585,2852 659,2847 673,2833 690,2844 805,2838 836,2804 867,2824 912,2810 935,2830 977,2816 1014,2821 1067,2788 1106,2816 1180,2813 1211,2785 1242,2793 1284,2773 1340,2771 1357,2782 1371,2768 1405,2776 1422,2765 1490,2771 1498,2759 1597,2759 1630,2785 1656,2782 1675,2762 1695,2779 1732,2745 1808,2740 1839,2762 1853,2751 1932,2765 1971,2737 1983,2790 1974,2802 1819,2796 1797,2813 1712,2807 1695,2818 1591,2810 1518,2827 1461,2818 1394,2833 1377,2824 1363,2835 1202,2835 1163,2852 1121,2847 1112,2858 1036,2849 1008,2863 549,2892"/>
        <Baseline points="547,2885 618,2882 690,2877 762,2872 834,2867 906,2861 978,2855 1050,2849 1122,2843 1194,2836 1266,2830 1337,2824 1409,2818 1481,2813 1553,2808 1625,2804 1697,2800 1769,2796 1841,2794 1913,2792 1985,2791"/>
        <TextEquiv>
          <Unicode>jugement, le voir décharger des condamnations contre lui prononcées</Unicode>
        </TextEquiv>
      </TextLine>

    
    
      <TextLine id="r2l37" >
        <Coords points="504,2951 504,2889 532,2889 557,2911 597,2886 611,2897 642,2886 661,2903 704,2903 721,2880 749,2878 791,2897 833,2894 847,2883 983,2883 1047,2852 1132,2875 1177,2844 1239,2858 1281,2838 1346,2858 1371,2835 1414,2849 1433,2827 1478,2827 1501,2847 1529,2821 1560,2818 1616,2816 1636,2827 1667,2813 1690,2830 1709,2810 1752,2833 1836,2827 1847,2816 1954,2818 1963,2855 1957,2872 1935,2861 1906,2872 1850,2861 1785,2883 1766,2869 1650,2875 1616,2906 1577,2908 1535,2880 1411,2889 1394,2911 1329,2897 1239,2903 1222,2914 1205,2906 1191,2920 1171,2908 1143,2937 1106,2939 1022,2923 977,2948 909,2951 878,2931 842,2945 752,2942 718,2965 616,2956 591,2973 546,2976 509,2956"/>
        <Baseline points="507,2952 579,2948 652,2944 725,2939 798,2934 871,2928 944,2922 1017,2917 1090,2910 1163,2904 1236,2898 1308,2892 1381,2887 1454,2881 1527,2876 1600,2871 1673,2867 1746,2864 1819,2861 1892,2859 1965,2858"/>
        <TextEquiv>
          <Unicode>en principal et accessoires, prétendre, le dit Stozicky, déclarer</Unicode>
        </TextEquiv>
      </TextLine>

    
    
      <TextLine id="r2l38" >
        <Coords points="529,3018 540,2979 571,2987 785,2973 847,2939 878,2965 954,2962 994,2942 1019,2956 1064,2937 1126,2951 1211,2937 1259,2911 1332,2908 1366,2928 1436,2925 1475,2897 1515,2894 1543,2894 1591,2920 1642,2889 1771,2878 1811,2900 1839,2875 1926,2869 1957,2894 1980,2894 1988,2923 1968,2937 1957,2925 1873,2931 1861,2945 1819,2931 1808,2948 1780,2937 1690,2956 1602,2945 1540,2959 1475,2954 1467,2965 1326,2965 1259,2984 1188,2976 1149,2990 1053,2984 1028,2999 1011,2987 1002,2999 968,2993 915,3007 876,2999 828,3013 535,3027"/>
        <Baseline points="530,3019 603,3015 676,3011 749,3006 822,3001 895,2995 968,2989 1041,2983 1114,2977 1187,2970 1260,2964 1333,2958 1406,2952 1479,2947 1552,2941 1625,2937 1698,2933 1771,2929 1844,2927 1917,2925 1991,2924"/>
        <TextEquiv>
          <Unicode>non recevable en sa demande parce qu&#39;il ne doit pas la somme</Unicode>
        </TextEquiv>
      </TextLine>

    
    
      <TextLine id="r2l39" >
        <Coords points="523,3083 526,3052 546,3052 568,3027 616,3041 628,3027 645,3035 690,3015 729,3041 760,3038 785,3018 856,3032 912,3018 940,3027 966,3010 983,3021 1039,3001 1112,3015 1199,2982 1247,3004 1284,3004 1318,2996 1337,2973 1411,2968 1509,2965 1535,2984 1568,2973 1667,2979 1712,2976 1726,2962 1737,2973 1783,2970 1811,2942 1912,2937 1940,2959 1968,2954 1977,2987 1971,3010 1898,2993 1856,2996 1805,3021 1757,3013 1740,3024 1664,3027 1639,3010 1594,3035 1509,3018 1340,3029 1326,3044 1295,3032 1253,3058 1154,3063 1135,3049 1073,3066 1042,3052 946,3072 870,3066 847,3083 797,3069 771,3089 752,3074 630,3091 585,3083 529,3103"/>
        <Baseline points="524,3084 596,3080 669,3076 742,3072 815,3067 888,3061 960,3056 1033,3051 1106,3045 1179,3039 1252,3033 1324,3028 1397,3022 1470,3016 1543,3011 1616,3006 1688,3002 1761,2997 1834,2994 1907,2991 1980,2988"/>
        <TextEquiv>
          <Unicode>portée au jugement dont régit, et cela à cause des mal façons</Unicode>
        </TextEquiv>
      </TextLine>

    
    
      <TextLine id="r2l40" >
        <Coords points="515,3156 518,3117 574,3114 585,3103 698,3105 732,3083 771,3091 811,3077 850,3097 901,3072 963,3089 983,3066 1109,3080 1140,3058 1177,3074 1239,3072 1287,3046 1371,3063 1385,3046 1405,3060 1456,3058 1490,3038 1563,3038 1583,3049 1636,3024 1695,3021 1715,3032 1732,3018 1774,3015 1797,3035 1847,3032 1856,3021 1892,3029 1954,3004 1974,3007 1985,3060 1977,3083 1873,3077 1839,3111 1816,3114 1726,3111 1698,3086 1667,3094 1644,3083 1568,3105 1537,3091 1385,3100 1368,3111 1354,3103 1326,3131 1298,3134 1233,3111 1180,3131 1154,3122 1123,3156 1078,3162 1047,3153 1036,3165 904,3173 867,3145 833,3142 777,3165 746,3150 729,3167 695,3148 622,3165 594,3193 521,3195"/>
        <Baseline points="517,3158 590,3154 663,3149 737,3144 810,3139 884,3133 957,3128 1031,3121 1104,3116 1178,3109 1251,3103 1324,3098 1398,3092 1471,3086 1545,3081 1618,3076 1692,3073 1765,3069 1839,3066 1912,3063 1986,3062"/>
        <TextEquiv>
          <Unicode>apportées dans les travaux exécutés et en outre des retards apportés</Unicode>
        </TextEquiv>
      </TextLine>

    
    </TextRegion>
    
  </Page>
</PcGts>
