2310 3376
647 106 2225 239 mil huit cent soixante dix sept et quatre vingt dix francs pour le
638 199 2205 303 salaire des neuf jours en mil huit cent soixante dix huit qui
644 270 2208 382 lui furent refusés. De son coté Garnier se présenta et exposa
644 348 2228 458 au conseil qu'il a en effet consenti à servir à Alliou trois cents
641 419 2211 531 francs par mois et une justification de mille francs ; (celle-ci
649 503 2225 604 facultative) Qu'il a payé chaque mois les trois cents francs, qu'il
641 576 2222 678 est prêt à payer les quatre vingt dus pour neuf jours en Janvier
647 652 2222 751 présent mois, mais qu'il se refusait formellement à payer
655 725 2231 829 la gratification parceque le demandeur qui a pu parfaitement
649 798 2231 905 mériter cette largesse de la part de ses anciens Patrons ne la
621 872 2231 973 mérite pas de lui n'ayant pas rempli son mandat d'une manière
633 950 2228 1049 satisfaisante et conforme à ses promesses. Les parties n'ayant
638 1024 2231 1116 pu être conciliées la cause fut renvoyée devant le Bureau Général
647 1100 2239 1184 du conseil séant le jeudi dix sept Janvier mil huit cent soixante dix huit .
638 1164 2236 1268 Cité pour le dit jour dix sept Janvier par lettre du secrétaire du conseil
630 1237 2239 1339 en date du quinze Janvier mil huit cent soixante dix huit à la requête de
616 1305 2231 1409 Alliou Garnier Comparant. A l'appel de la cause Alliou se
635 1384 2242 1482 présenta et conclut à ce qu'il plut au Bureau Général du conseil
624 1460 2236 1558 condamner Garnier à lui payer avec intérets suivant la loi la somme
635 1527 2245 1634 de mille quatre vingt dix francs se composant de mille francs comme
635 1603 2245 1704 complèment du salaire de l'année mil huit cent soixante dix sept et de
635 1679 2239 1772 quatre vingt dix francs pour le salaire de neuf journées de travail
658 1752 2228 1848 du premier au neuf Janvier inclusivement et le condamner aux
652 1814 2253 1918 dépens. De son coté Garnier se présenta et conclut à ce qu'il plut
638 1890 2239 1986 au Bureau Général du conseil attendu qu'il a servi en mil huit
638 1958 2242 2059 cent soixante dix sept les appointements fixes dans à Alliou ; que
627 2028 2231 2132 pour la gratification qu'il eut été heureux de payer quoiqu'il
638 2101 2236 2208 lui fut facultatif de la refuser puisqu'elle n'était qu'une gratification
638 2177 2222 2281 sans justifier d'aucune raison, il ne la doit pour . Attendu qu'il
633 2253 2242 2354 offre payer quatre vingt dix francs dû pour le salaire de neuf journé
599 2323 2231 2433 faites en Janvier présent mais ; Que s'il se refusa à payer au dit
627 2396 2236 2515 Allou la gratification de mille francs promise sous réserve qu'il
641 2470 2239 2571 continuerait sous sa direction à bien faire et à servir ses intérêts
633 2543 2225 2641 comme il avait servi ceux de son ancien patron, c'est que du jour
638 2607 2236 2714 de son entrée à celui de sa sortie, sa présence dans les ateliers
647 2678 2248 2785 n'a été marquée que par une négligeance constante de ses devoir
638 2748 2242 2855 une révolte continuelle et souvent un refus même formel
635 2810 2214 2920 d'exécuter certains ordres auxquels il lui plaisait de se
624 2878 2234 2990 soustraire ; Qu'enfin il ne mérite aucunement une
641 2951 2242 3063 faveur qu'il eut été honneur de lui de lui accorder comme
652 3024 2242 3139 exécution d'une promesse faite et comme marque de satisfaction
644 3091 2239 3212 Par ces motifs = Dire Alliou non recevable en sa demande,
