2214 3344
585 144 2071 261 la mineure Marie Chapelle résolu purement et simplement
585 220 2066 334 du fait des époux Frémion ; condamne les époux frémion
579 292 2049 404 aux dépens envers le Trésor Public ; pour le papier timbré
546 362 2043 482 de la présente minute, conformément à la loi du sept août
554 437 2057 554 mil huit cent cinquante, ence, non compris le coût du présent
579 507 2060 629 jugement, la signification d'icelui et ses suites. Ainsi jugé les
554 585 1263 660 jour mois et an que dessus.
585 713 1190 813 Lecucq secrétaire
