2197 3344
978 183 1731 278 Dudit jour Vingt quatre Janvier
582 256 2121 334 Entre Monsieur Paul Mauduit, ouvrier sellier, demeurant
563 328 2130 404 à Paris, rue de la Puebla, numéro Cent quarante un ; Demandeur ;
540 390 2096 470 Comparant ; D'une part ; Et Monsieur Planchenot,
538 465 2043 546 Maître sellier-Bourselier, demeurant et domicilié à
549 537 2060 618 Paris, rue Bouchardon, numéro treize ; Défendeur ;
546 610 2077 688 Défaillant ; D'autre part ; Point de fait _ Par lettres
549 679 2093 746 du secrétaire du conseil de Prud'hommes du Département
78 724 476 822 Vingt Centimes
557 749 1962 824 de la Seine pour l'industrie des tissus en dates des
80 810 493 964 renvoi approuvé
532 824 2099 888 Mercredi neuf et vendredi onze Janvier mil huit cent soixante
546 883 2124 978 dix huit Mauduit fit citer Planchenot à comparaître par devant
571 961 2096 1042 le dit Conseil de Prud'hommes séant en Bureaux Particuliers
554 1031 2060 1103 les Vendredi onze et Lundi quatorze Janvier mil huit cent
125 1089 515 1170 Lecucq
538 1100 2065 1181 soixante dix huit pour se concilier si faire se pouvait sur
552 1167 2104 1245 la demande qu'il entendait former contre lui devant le
557 1231 2110 1312 dit conseil en délai congé comme d'usage. Planchenot
526 1306 2057 1382 n'ayant pas comparu la cause fut renvoyée devant le Bureau
526 1368 2113 1457 Général du Conseil séant le Jeudi dix sept et ajournée au
521 1440 2093 1524 Jeudi vingt Quatre Janvier mil huit cent soixante dix huit.
515 1507 2071 1591 Suivant exploit de Minaud, huissier à Paris, en date du
529 1580 2068 1669 dix huit Janvier mil huit cent soixante dix huit, visé pour
515 1641 2107 1736 timbre et enregistré à Paris, le dix neuf Janvier mil huit cent
532 1713 2099 1814 soixante dix huit, folio cent cinquante deux, case gauche, débet
554 1786 2096 1878 deux francs quinze centimes, signé : de feuillez. Mauduit
538 1855 2121 1939 fit citer Planchenot à comparaître par devant le dit conseil
546 1939 2110 2006 d Prud'hommes séant en Bureau Général le Jeudi Vingt quatre
543 1992 2079 2081 Janvier mil huit cent soixante dix huit pour s'entendre
554 2064 2107 2151 condamner à lui payer avec intérêts suivant la loi la somme
538 2145 2091 2229 de soixante dix francs comme réparation du dommage
543 2209 2104 2304 qu'il lui a causé en le congédiant tout à coup contrairement
557 2287 2099 2379 à l'usage et l'équité et s'entendre en outre condamner aux
546 2360 2085 2441 dépens. A l'appel de la cause Planchenot ne comparut pas.
557 2432 2107 2513 De son coté Mauduit se présenta et conclut à ce qu'il
546 2513 2160 2588 plut au Bureau Général du conseil donner défaut contre
554 2586 2121 2658 Planchenot non comparant ni personne pour lui quoique
571 2650 2191 2730 dument appelé et pour le profit lui adjuger le bénéfice des
565 2714 2191 2811 conclusions par lui prises dans la citation exploit de
557 2783 2191 2875 Minaud, huissier, enregistré. Point de droit = Doit-on
557 2861 2191 2951 donner défaut contre Planchenot non comparant ni personne
554 2934 2102 3020 pour lui quoique dument appelé et pour le profit adjuger
577 3012 2063 3087 au demandeur les conclusions pour lui précèdemment
574 3076 2157 3190 prises ? Que doit-il être statué à l'égard des dépens ?
