2149 3520
1215 214 1359 281 du
1027 108 1453 240 Audience
478 222 1943 393 Jeudi trois Janvier mil huit Cent soixante dix huit
1274 407 1911 528 Siégeaient : Messieurs
490 445 1928 601 Marienval, Chevalier de la légion d'honneur,
481 522 1955 677 Président du conseil de Prud'hommes du Département de
481 601 1852 730 la Seine pour l'Industrie des tissus, Meunier
481 665 1978 821 Montagnac, Platin, Boucher Brice
496 742 1934 885 et Brontin, Prud'hommes assistés de Monsieur
475 818 1561 929 Lecucq, secrétaire dudit conseil.
795 968 1914 1088 Entre Monsieur Goupi, demeurant à Paris,
490 1032 1920 1170 lieu dit Girnelle, rue du commerce, numéro soixante onze,
490 1117 1940 1237 agissant au nom et comme administrateur de la personne et des
484 1188 1908 1308 biens de sa fille mineure Augusitine, ouvrière frangeuse ;
469 1255 1925 1381 Demandeur ; Comparant ; D'une part ; et Monsieur
449 1331 1958 1452 Pelletier, fabricant passementier, demeurant et domiciliés à
455 1410 1966 1528 Paris, rue Croix Nivert, numéro cent quatre vingt neuf ;
437 1478 1922 1598 Défendeur ; Défaillant ; D'autre part ; Point de fait
469 1560 2043 1666 Par lettres du secrétaire du conseil de Prud'hommes du département
487 1633 2011 1745 de la seine pour l'industrie des tissus en dates des vendredi seize
472 1716 1952 1812 et Lundi dix neuf novembre mil huit cent soixante dix sept
449 1786 2043 1894 Goupi fit citer Pelletier à comparaître par devant ledit conseil
487 1865 1964 1965 de Prud'hommes séant en Bureau Particulier les Lundi
475 1953 1996 2038 dix neuf Novembre mil huit cent soixante dix sept pour se
478 2021 2005 2126 concilier si faire se pouvait sur la demande qu'il entendait former
466 2106 1984 2202 contre lui devant le dit conseil en paiement de la somme de
457 2194 2028 2285 vingt quatre francs cinquante cinq centimes qu'il lui doit pour
457 2264 2016 2361 prix de travaux de sa fille Augustine. A l'appel de la cause
457 2355 1996 2431 Goupi, ès nom qu'il agit, se présenta et exposa comme ci-
469 2431 2031 2510 dessus. De son coté Pelletier se présenta, reconnut devoir
460 2502 2046 2590 la somme reclamée et demanda des termes et délai pour la payer.
484 2581 2066 2684 Sur la proposition du Bureau Particulier Pelletier s'engagea
502 2663 2060 2766 à payer douze francs fin novembre et le solde le quinze Décembre
463 2736 2046 2845 mil huit cent soixante dix sept. Pelletier n'ayant pas rempli
484 2816 2066 2918 sa promesse la cause fut renvoyé devant le Bureau Général du
472 2889 2072 3003 Conseil séant le jeudi trois janvier mil huit cent soixante dix huit.
440 2974 2078 3085 Cité pour le dit jour trois Janvier par lettre du secrétaire du conseil
475 3047 2049 3162 en date du vingt neuf décembre mil huit cent soixante dix sept
493 3118 2057 3253 à la requête de Goupi Pelletier ne comparut pas. A l'appel
475 3214 2084 3367 de la cause Goupi se présenta et conclut à ce qu'il plut au Bureau
