2182 3392
534 186 2020 277 le Bureau Général du conseil séant le Jeudi trente un Janvier
523 254 2012 356 mil huit cent soixante dix huit. cité pour le dit jour trente
529 325 2026 415 un Janvier par lettre du secrétaire du conseil à la requête
523 384 2023 480 des époux Marie Jacob ne comparut pas. A l'appel de
532 469 2020 551 la cause les époux Marie se présentèrent et conclurent à ce
529 537 2006 627 qu'il plut au Bureau Général du conseil donner défaut
526 610 2054 692 contre Jacob non comparant ni personne pour lui quoique
529 672 2023 754 dument appelé et pour le profit le condamner à leur payer
526 740 2048 822 avec intérêts suivant la loi la somme de quatre vingt quatorze
523 811 2017 898 francs qu'il leur doit pour prix de travaux de la dame Marie,
506 879 1995 963 plus, telle indemnité qu'il plaira au conseil fixer pour
540 949 2020 1026 perte de temps devant les Bureaux du conseil et les dépens.
523 1009 1966 1091 Point de droit = Doit on donner défaut contre Jacob
498 1093 2034 1175 non comparant ni personne pour lui quoique dument appelé
515 1158 2057 1240 et pour le profit adjuger aux demandeurs les conclusions par
532 1223 2037 1300 eux précèdemment prises ? Que doit-il être statué à l'égard
534 1286 2012 1368 des dépens ? Après avoir entendu les époux Marie en
520 1365 2029 1433 leurs demandes et conclusions et en avoir délibéré conformément
517 1427 2017 1506 à la loi ; Attendu que la demande de des époux Marie
523 1498 2074 1585 parait juste et fondée ; Que d'ailleurs elle n'est pas contestée
515 1574 2074 1647 par Jacob non comparant nu personne pour lui quoique
520 1639 1964 1718 dument appelé ; Attendu qu'en ne comparaissant pas
509 1710 2034 1783 devant les Bureaux du conseil Jacob a causé aux époux
520 1775 2051 1857 Marie un préjudice de perte de temps ce qu'il doit réparer ;
512 1851 2009 1930 Par ces motifs = Le Bureau Général jugeant en dernier
506 1927 2060 1998 ressort ; vu l'article quarante un du décret du onze Juin mil
540 1989 1986 2069 huit cent neuf, portant règlement pour les conseils de
520 2054 2068 2153 Prud'hommes ; Donne défaut contre Jacob non comparant
512 2131 1975 2218 ni personne pour lui quoique dument appelé ; Et
526 2204 2040 2286 adjugeant le profit du dit défaut ; Condamne Jacob
526 2281 2063 2365 à payer avec intérêts suivant la loi aux époux Marie
512 2354 2048 2445 la somme de quatre vingt quatorze francs qu'il leur doit
523 2425 2037 2510 pour prix de travaux de la dame Marie, plus une
523 2487 2105 2577 indemnité de six francs pour temps perdu ; Le condamne en
526 2566 2077 2645 outre aux dépens taxés et liquidés envers les demandeurs
529 2628 2105 2716 à la somme de un franc ; et à celle due au Trésor Public,
523 2699 2111 2792 pour le papier timbré de la présente minute, conformément
517 2772 2111 2866 à la loi du sept août mil huit cent cinquante, ence, non
515 2837 2111 2934 compris le coût du présent jugement, la signification d'icelui et
517 2908 2111 3001 ses suites ; Et vu les articles quatre cent trente cinq du code
509 2984 2074 3081 de procèdure civile, 27 et 42 du décret du onze Juin mil
517 3061 2037 3177 huit cent neuf, pour signifier au défendeur le présent
