2130 3312
519 168 2025 259 l'en débouter comme mal fondé en icelles, et s'entendre en outre
480 256 1961 339 condamner aux dépens de la première comme de la présente
519 325 1991 400 instance. A l'appel de la cause la dame Jasseret se
519 400 2019 480 présenta et conclut à ce qu'il plut au Bureau Général du
502 466 1975 546 Conseil recevoir Jasseret en son opposition au jugement rendu
524 543 1975 618 Contre lui le vingt Décembre dernier, enregistré, et attendre
511 615 1980 703 que Jasseret ne doit pas la somme portée à ce gagment,
524 684 1991 764 qu'il n'en doit aucune ; Par ces motifs _ Dire le jugement
535 753 1997 836 du vingt Décembre dernier nul et nul effet ; Statuant
524 825 1983 897 à nouveau, le recevoir reconventionnellement demandeur,
535 891 1969 971 dire le jugement dont s'agit nul et de nul effet ; Statuant
527 963 1983 1037 à nouveau condamner Pascaux en tous les dépens.
535 1029 1972 1117 De son coté Pascaux se présenta et conclut à ce qu'il plut
530 1101 1991 1184 au Bureau Général du conseil attendu que Jasseret qui
516 1173 2016 1255 ne payait pas son fils que par à comptes reste lui devoir la
524 1244 2013 1322 somme de seize francs soixante dix centimes ; Par ces motifs =
533 1316 2016 1391 En la forme recevoir Jasseret en son opposition au jugement du
524 1388 1925 1454 vingt Décembre dernier enregistré, l'en débouter, ordonner
530 1451 1953 1529 l'éxécution pure et simple de ce jugement et condamner Jasseret
547 1523 1983 1595 en tous les dépens. Point de droit = Doit recevoir Jasseret
524 1598 1980 1669 en son opposition en jugement rendu contre lui le Vingt
516 1667 1897 1733 Décembre dernier, dire ce jugement nul et de nul effet ;
535 1733 2005 1802 Statuant à nouveau recevoir Jasseret reconventionnellement
552 1807 2013 1874 demandeur, dire Pascaux non recevable en ses demandes et
530 1868 1975 1937 l'en débouter ? Que doit-il être statué à l'égard des
533 1937 2005 2009 dépens ? Après avoir entendu les parties en leurs demandes
527 2006 2013 2081 et conclusions respectivement et en avoir délibéré conformément
560 2072 2011 2158 à la loi ; Attendu qu'il résulte de l'examen des comptes des
530 2150 2036 2235 parties que Jasseret a payé au mineur Pascaux tout ce
552 2227 2036 2301 qu'il lui devait et même au delà ; Que Pascaux a donc
549 2293 1986 2368 pris à tort un jugement contre lui le vingt Décembre
552 2365 2011 2445 dernier ; Par ces motifs = Le Bureau Général jugeant en dernier
547 2431 2041 2517 ressort ; Reçoit Jasseret en son opposition au jugement rendu
538 2495 2044 2575 contre lui le vingt Décembre mil huit cent soixante dix
563 2572 2049 2646 sept ; dit ce jugement nul et de nul effet ; Statuant à nouveau
563 2638 2052 2710 reçoit Jasseret reconventionnellement demandeur, dit
555 2704 2049 2776 le jugement du vingt Décembre dernier dont s'agit nul et
560 2768 2049 2853 de nul effet ; Dit Pascaux non recevable en ses demandes, l'en
552 2842 2055 2914 déboute et le condamne aux dépens de la première comme de la
560 2906 2049 2980 présente instance, ces derniers taxés et liquidés envers le Trésor
533 2975 2055 3063 Public, la somme de deux francs quinze centimes, et à celle
558 3044 2052 3143 due au Trésor Public, pour le papier timbré et l'enregistrement
