2411 3344
724 80 2296 203 se présenta et conclut à ce qu'il plut au Bureau Général du
735 158 2321 295 Conseil donner défaut contre la demoiselle Moully non comparante
716 228 2299 351 ni personne pour elle quoique dument appelée et pour le profit la
267 256 702 359 trois mots rayés nuls
716 295 2291 415 condamner à lui payer avec intérêts suivant la loi la somme de
702 367 2316 507 douze francs qu'elle lui doit pour pareille somme qu'il lui a avancé
705 445 2319 576 remboursable pour du travail qu'elle n'a pas fait. Point de droit =
727 521 2324 652 Doit on donner défaut contre la demoiselle Moully non comparante
287 548 590 618 Lecucq
716 604 2299 718 ni personne pour elle quoique dument appelée et pour le profit
727 679 2299 783 adjuger au demandeur les conclusions par lui précédemment
716 752 2305 858 prises ? Que doit-il être statué à l'égard des dépens ? Après
724 833 2313 919 avoir entendu Dalley en ses demandes et conclusions et en avoir
719 888 2293 1000 délibéré conformément à la loi ; Après avoir entendu Dalley
707 969 2302 1067 en ses demandes et conclusions et en avoir délibéré conformément
705 1042 2324 1139 à la loi ; Attendu que la demande de Dalley est juste et fondée
680 1114 2316 1206 que d'ailleurs elle n'est plus contestée par la demoiselle Moully non
710 1201 2285 1279 comparante ni personne pour elle quoique dument appelée ;
702 1273 2324 1351 Attendu qu'en ne comparaissant pas devant les Bureaux du Conseil
699 1345 2324 1415 la demoiselle Moully a causé à Dalley un préjudice de perte
691 1410 2316 1488 de temps, ce qu'elle doit réparer ; Par ces motifs = Le Bureau
696 1488 2324 1566 Général jugeant en dernier ressort ; vu l'article quarante un du décret
710 1560 2330 1644 du onze Juin mil huit cent neuf, portant règlement pour les Conseils
696 1624 2316 1713 de Prud'hommes ; Donne défaut contre la demoiselle Moully
696 1708 2332 1791 non comparante ni personne pour elle quoique dument appelé
702 1772 2327 1869 Et adjugeant le profit du dit défaut ; Condamne la demoiselle
680 1839 2332 1939 Moully à payer avec intérêts suivant la loi à Dalley la somme de
691 1917 2324 2020 douze francs qu'elle lui doit pour avancer qu'elle a reçues de
691 1984 2330 2087 lui sans condition de les rembourser pour du travail, ce qu'elle
707 2059 2321 2176 n'a pas fait, plus une indemnité de trois francs pour temps perdu
685 2137 2271 2240 devant les Bureaux du Conseil ; La condamne en outre aux
682 2201 2330 2326 dépens taxés et liquidés envers le demandeur à la somme de soixante
657 2279 2327 2402 Cinq centimes et à celle dûe au Trésor Public pour le papier
677 2357 2319 2477 timbré de la présente minute, conformément à la loi du sept
671 2435 2319 2572 Août mil huit cent cinquante, ence, non compris le coût du
638 2508 2324 2641 présent jugement, la signification d'icelui et ses suites. Et vu
680 2583 2324 2703 les articles 437 du code de procédure civile, 27 et 42 du décret du
663 2655 2321 2792 onze Juin 1809, pour signifier à la défenderesse le présent jugement
671 2728 2332 2856 Commet Minaud, l'un de ses huissiers audienciers. Ainsi
702 2839 1750 2937 jugé les jour mois et an que dessus.
624 2984 1237 3079 Lecucq secrétaire
