2121 3328
577 160 2021 305 Après avoir entendu les parties en leurs demandes et conclusions
594 246 1990 379 respectivement et en avoir délibéré conformément à la loi ;
594 307 2021 443 Attendu que Bussert a, dans l'audience du Bureau Particulier
569 393 2023 515 du Conseil tenue le trois Décembre dernier, reconnu devoir à
594 449 2043 610 la demoiselle Lelièvre la somme de quatorze francs trente cinq
599 538 2018 679 centimes s'engageant à payer cette somme le premier janvier
591 607 2026 746 présent mais ; Que cet engagement n'a pas été tenu et que
602 682 1993 812 ce jour il s'oppose au paiement de cette somme pour des
582 740 2026 898 motifs que le conseil n'a ni à connaître ni apprécier ; Par
594 820 2015 951 ces motifs = le Bureau Général jugeant en dernier ressort ;
574 879 2018 1023 Condamne Bussert à payer avec intérêts suivant la loi à
591 956 1987 1087 la demoiselle Lelièvre la somme de quatorze francs trente
577 1023 2001 1156 cinq centimes qu'il lui doit pour salaire le condamne
577 1101 2034 1225 en outre aux dépens taxés et liquidés envers la demanderesse
574 1170 2015 1303 à la somme de soixante cinq centimes, et à celle dûe au Trésor
558 1239 2018 1367 Public, pour le papier timbré de la présente minute, conformément
566 1314 1987 1442 à la loi du sept Août mil huit cent cinquante, ence, non
588 1386 2023 1505 compris le coût du présent jugement, la signification d'icelui
602 1461 1982 1594 et ses suites. Ainsi jugé les jour mois et an que
596 1530 793 1630 dessus.
1032 2046 1665 2132 Dudit jour dix Janvier
591 2113 1982 2202 Entre Monsieur Jean Baptiste Thomas, demeurant
563 2188 1990 2285 à Paris, rue Polonceau, numéro trente sept, agissant au
582 2271 1976 2346 nom et comme tuteur naturel et légal de sa fille mineure
549 2337 1990 2426 Clémence, ouvrière ; Demandeur ; Comparant ; D'une part ;
577 2410 1979 2501 et Monsieur Blondet, entrepreneur de travaux de broderie,
560 2493 2012 2565 demeurant et domicilié à Paris, rue de Rome, numéro cent
574 2562 1879 2651 quarante un ; Défendeur ; Comparant ; D'autre part ;
555 2640 1996 2712 Point de fait = Par lettre du secrétaire du conseil de Prud'hommes
574 2709 2023 2778 du Département de la Seine pour l'industrie des tissus en
574 2773 2012 2856 date du mardi dix huit Décembre mil huit cent soixante
577 2845 2023 2936 dix sept Thomas fit citer Blondet à comparaître par devant
566 2914 2007 3006 le dit conseil de Prud'hommes séant en Bureau Particulier
566 2984 1998 3067 le vendredi vingt un Décembre mil huit cent soixante dix sept
546 3045 2018 3161 pour se concilier ni faire se pouvait sur la demande qu'il entendait
533 3128 1968 3253 former contre lui devant le dit conseil en paiement de la
