2227 3376
506 132 2077 261 de ce jugement jusqu'au dix neuf Janvier mil huit cent
495 213 2105 326 soixante dix huit ; Condamne Gillet aux dépens taxée et
512 286 2114 396 liquidés envers le demandeur à la somme de un franc quaran
472 351 2086 489 centimes, et à celle dûe au Trésor Public, pour le papier
492 441 2114 557 timbré de la présente minute, conformément à la loi du sept
467 517 2108 644 Août mil huit cent cinquante, ence, non compris le coût du
484 585 2035 725 présent jugement, la signification d'icelui et ses suites.
503 680 1618 849 Ainsi jugé les jour mois et an que dessus.
771 1339 1852 1446 Dudit jour dix Janvier
472 1398 2097 1522 Entre Monsieur et Madame Cugnier, le sieur Cugnier
484 1482 2108 1600 tant en son nom personnel que pour assister et autoriser la
487 1558 2094 1673 dame son épouse ouvrière Couturière, demeurant ensemble
475 1628 2091 1749 les dits époux à Paris, rue Polonceau, numéro cinquante cinq ;
467 1693 2060 1823 Demandeurs ; Comparant ; D'une part ; et Monsieur et
484 1778 2103 1887 Madame Noël, le sieur Noël pour assister et autoriser la
481 1856 2094 1955 dame son épouse entrepreneuse de confection de chemises,
489 1927 2103 2031 demeurant et domiciliés, ensemble, les dits époux, à Paris, rue
484 1997 2103 2107 du faubourg Saint Denis, numéro quatre vingt sept ; Défenseur ;
444 2067 2086 2185 Défaillant ; D'autre part ; Point de fait = Par lettres du
453 2143 2103 2256 secrétaire du conseil de Prud'hommes du Département de la
439 2211 2097 2323 seine pour l'industrie des tissus en dates des Jeudi trois et
458 2284 2108 2405 vendredi quatre Janvier mil huit cent soixante dix huit
475 2366 2105 2472 les époux Cugnier firent citer les époux Noël à comparaître
464 2439 2083 2554 par devant le dit conseil de Prud'hommes séant en Bureaux
472 2517 2094 2627 Particuliers les vendredi quatre et Lundi sept Janvier mil
464 2591 2091 2692 huit cent soixante dix huit pour se concilier si faire se pouvait sur
447 2664 2083 2768 la demande qu'il entendait former contre eux devant le dit conseil
470 2740 2089 2841 en paiement de la somme de trois francs cinquante centimes
472 2807 2074 2906 qu'ils lui doivent pour prix d'une journée de travail de la
484 2880 2089 2970 dame Cugnier ; Les époux Noël n'ayant pas comparut la
461 2948 2083 3049 cause fut renvoyée devant le Bureau Général du conseil séant le
447 3015 2091 3117 Jeudi dix Janvier mil huit cent soixante dix huit. Cités pour le
447 3094 2105 3184 dit jour dix Janvier par lettres du secrétaire du conseil en date du
444 3167 2058 3285 huit Janvier mil huit cent soixante dix huit à la requête des
