2350 3360
635 103 2246 196 somme de quarante francs qu'il lui doit pour prix de travaux que
624 182 2232 266 sa fille a exécutés pour son compte et d'après ses ordres.	A
621 254 2237 324 l'appel de la cause Thomas se présenta et exposa comme cidessus.
633 316 2237 392 De son coté Blondet se présenta, reconnut devoir la somme reclamée
641 380 2243 470 et demande délai pour la payer	.	Sur la proposition du Bureau
621 453 2226 537 Particulier Blondet s'engagea à payer dix francs le vingt
630 520 2237 607 deux Décembre et le solde le deux Janvier mil huit cent soixante
635 590 2226 680 dix huit.	Dix francs furent payé le vingt deux Décembre
630 666 2218 747 mais le deux Janvier Blondet ne paya pas.	La cause en cet
624 733 2229 820 état fut renvoyée devant le Bureau Général du conseil séant le
624 800 2240 893 Jeudi dix Janvier mil huit cent soixante dix huit. cité pour
633 873 2240 957 le dit jour dix Janvier par lettre du secrétaire du conseil en
619 938 2226 1030 date du cinq Janvier mil huit cent soixante dix neuf, à la
624 1013 2235 1106 requête de Thomas Blondet comparut. A l'appel de la cause
576 1089 2229 1170 Thomas se présenta et conclut à ce qu'il plut au Bureau Général
593 1153 2232 1243 du conseil condamner Blondet à lui payer avec intérêts suivant
593 1232 2232 1318 la loi la somme de quarante francs q trente francs qu'il reste lui
599 1293 2221 1388 devait pour solde du prix de travaux de sa fille Clemence et
605 1372 2232 1456 le condamner aux dépens.	De son coté Blondet se présenta et
607 1450 2243 1523 conclut à ce qu'il plut au Bureau Général du conseil lui revoir le
579 1509 2240 1598 termes et délais sans dépens pour payer cette somme ? Point
591 1573 2240 1674 de droit = Doit-on condamner Blondet à payer à Thomas la
579 1649 2226 1747 somme de trente francs qu'il doit pour solde du prix de
579 1722 2223 1817 travaux de sa fille Clémence ? Ou bien doit-on accorder à
568 1794 2229 1892 Blondet termes et délais pour payer cette somme qu'il reconnait
596 1870 2212 1968 devoir ? Que doit-il être statué à l'égard des dépens ?
562 1946 2237 2038 Après avoir entendu les parties en leurs demandes et conclusions
546 2010 2237 2119 respectivement et en avoir délibéré conformément à la loi. Attend
557 2094 2237 2186 que Blondet reconnait devoir à Thomas la somme qu'il reclama.
565 2170 2240 2259 Attendu que Thomas déclare consentir à de court délais ; Par
543 2251 2251 2349 ces motifs = Le Bureau Général jugeant en dernier ressort ; Condamne
537 2321 2237 2427 Blondet à payer avec intérêts suivant la loi à Thomas la somme de
543 2405 2243 2497 trente francs qu'il reste lui devoir pour solder le salaire de sa fille
543 2480 2246 2581 Clémence ; Dit que cette somme sera payée par quinze francs le vingt
529 2548 2243 2657 trois et quinze francs le trente un Janvier mil huit cent soixante dix
523 2629 2235 2730 huit ; Que faute pour Blondet de payer quinze francs le vingt
532 2690 2246 2786 trois Janvier comme il est dit la somme deviendrait alors exigible
543 2772 2237 2870 de suite pour le tort ; Condamne Blondet aux dépens taxés
557 2850 2254 2954 et liquidés envers le demandeur à la somme de soixante cinq centimes,
532 2926 2243 3018 et à celle due au Trésor Public, pour le papier timbré de la présente
537 3007 2249 3099 minute, conformément à la loi du sept août mil huit cent
557 3099 2240 3206 Cinquante, ence, non compris le coût du présent jugement
