2347 3344
680 86 2271 236 ni personne pour lui quoique dument appelé ; Attendu qu'en
677 158 2268 309 ne comparaissant pas devant les Bureaux du conseil Mazer
668 222 2243 359 a causé à la demoiselle Malvesin un préjudice de
652 287 2268 437 perte de temps, ce qu'il doit réparer ; Par ces motifs = Le
643 356 2257 501 Bureau Général jugeant en dernier ressort ; vu l'article
635 437 2243 576 quarante un du décret du onze Juin mil huit cent neufs
652 496 2268 640 portant règlement pour les conseils de Prud'hommes ; Donne
652 574 2238 696 défaut contre Louis Mozer non comparant ni personne
641 638 2249 783 pour lui quoique dument appelé ; Et adjugeant le profit du
649 705 2243 836 dit défaut ; Condamne Louis Mozer à payer avec intérêts
616 774 2235 897 suivant la loi à la demoiselle Malvesin la somme de
632 849 2243 975 Cent vingt quatre francs dix Centimes qu'il lui doit pour
627 914 2235 1045 salaire, plus une indemnité de quatre francs pour temps
641 994 2235 1111 perdu ; Le condamne en outre aux dépens taxés et liquidés
624 1072 2193 1178 envers la demanderesse à la somme de un franc et à
618 1128 2257 1262 celle dûe au Trésor Public pour le papier timbré de
607 1201 2243 1326 la présente minute, conformément à la loi du sept août
610 1281 2229 1390 mil huit cent cinquante, ence, non compris le coût du
610 1345 2243 1465 présent jugement, la signification d'icelui et ses suites.
602 1421 2257 1532 Et vu les articles 437 du code de procèdure civile, 27 et 42 du
588 1490 2246 1607 décret du onze Juin 1809, pour signifier au défendeur le présent
593 1571 2246 1677 jugement, Commet Minaud, l'un de ses huissiers audienciers.
599 1635 1680 1763 Ainsi jugé le jour mois et an que dessus.
568 1783 1181 1867 Lecucq secrétaire
933 2240 1934 2335 Dudit jour trente un Janvier —
551 2301 2210 2410 Entre Monsieur et Madame André, le sieur André tant
546 2388 2229 2491 en son nom personnel que pour assister et autoriser la dame
532 2471 2218 2566 son épouse ouvrière, demeurant ensemble, les dits époux, à
515 2552 2188 2655 Paris, rue des deux portes Saint Sauveur, numéro quinze ;
515 2619 2196 2725 Demandeur ; Comparant ; D'une part ; Et Monsieur
504 2686 2232 2789 Uinks, culottier, demeurant et domicilié à Paris, rue
515 2764 2154 2873 du Hanovre, numéro six ; Défendeur ; Défaillant ;
493 2839 2202 2942 D'autre part ; Point de fait = Par lettres du secrétaire du
498 2923 2224 3023 conseil de Prud'hommes du Département de la seine pour
504 2995 2221 3095 l'industrie des tissus en dates des samedi vingt six et Lundi
485 3076 2218 3207 Vingt huit Janvier mil huit cent soixante dix huit les époux
