2206 3360
552 148 2040 260 cinquante centimes qu'il leur doit pour prix de travaux de la
552 226 2071 344 dame Longchamps, plus, telle indemnité qu'il plaira au
569 288 2060 411 Conseil fixer pour perte de temps devant les Bureaux du
560 355 2065 473 Conseil et les dépens. Point de droit = Doit-on donner défaut
557 439 2060 543 contre Navez non comparant ni personne pour lui quoique
577 509 2077 610 dument appelé et pour le profit adjuger aux demandeurs
557 582 2096 683 les conclusions par eux précèdemment prises ? Que doit-il
566 658 2020 747 être statué à l'égard des dépens ? Après avoir entendu
574 733 2051 814 les époux Longchamps en leurs demandes et conclusions et
566 784 2049 884 en avoir délibéré conformément à la loi ; Attendu que
585 865 2054 954 la demande des époux Longchamps parait juste et fondée ;
557 935 2068 1024 Que d'ailleurs elle n'est pas contestée par Navez non comparant
566 1005 2032 1100 ni personne pour lui quoique dument appelé ; Attendu
546 1080 2082 1170 Qu'en ne comparaissant pas devant les Bureaux du conseil
560 1148 2096 1232 Navez a causé aux époux Longchamps un préjudice de perte
574 1204 2063 1307 de temps, ce qu'il doit réparer ; Par ces motifs = Le Bureau
538 1276 2068 1374 Général jugeant en dernier ressort ; Vu l'article quarante
555 1352 2068 1450 un du décret du onze Juin mil huit cent neuf, portant
529 1414 2074 1512 règlement pour les Conseil des Prud'hommes, Donne défaut
521 1500 1967 1596 Contre Navez non comparant ni personne pour lui
504 1565 2043 1668 Quoique dument appelé, Et adjugeant le profit du dit
552 1632 2079 1730 défaut ; Condamne Navez à payer avec intérêts suivant
566 1702 2065 1797 la loi aux époux Longchamps la somme de douze francs
563 1778 2063 1867 Cinquante centimes qu'il leur doit pour prix de travaux
563 1850 2138 1937 de la dame Longchamps, plus une indemnité de quatre
552 1918 2096 2016 francs pour temps perdu ; Le condamne en outre aux dépens
552 1988 2085 2074 taxés et liquidés envers les demandeurs à la somme de un
540 2058 2088 2147 franc, et à celle due au Trésor Public pour le papier de la
524 2133 2091 2226 présent minute, Conformément à la loi du sept août mil
549 2214 2082 2304 huit cent cinquante non compris le coût du présent
549 2287 2068 2366 jugement, la signification d'icelui et ses suites. Et vu les
557 2354 2085 2433 articles 437 du code de procèdure civile 27 et 42 du décret
543 2430 2065 2514 du onze Juin 1809, pour signifier au défenseur le présent
538 2503 2121 2598 jugement, commet Minaud, l'un de ses huissiers audienciers.
552 2584 1712 2699 Ainsi jugé les jour mois et an que dessus.
583 2716 1160 2800 Lecucq secrétaire
