2152 3344
69 610 563 718 Lesceux à comparaître
538 139 2023 242 D'autre part ; Point de fait = Par lettres du secrétaire du conseil
551 234 2051 317 de Prud'hommes du Département de la seine pour l'industrie
565 306 2029 378 des tissus en dates des Jeudi vingt sept et vendredi vingt huit
560 373 1998 448 Décembre mil huit cent soixante dix sept pour se concilier si
551 448 2023 532 faire se pouvait sur la demande qu'il entendait former contre lui
554 529 2009 613 devant le dit conseil en paiement de la somme de vingt trois francs
114 512 518 621 Dulont fit citer
560 599 2037 682 qu'il lui doit pour salaire. A l'appel de la cause le vingt trente un
549 677 2009 746 Décembre Lesceux n'ayant pas comparu le six huit, Dulont,
94 735 538 816 par devant le dit Conseil
565 752 2023 822 se présenta et en posa comme cidessus. De son coté Lesceux
543 813 2018 897 se présenta, reconnut la dette et demanda délai pour payer.
117 813 487 914 de Prud'hommes
588 880 2029 966 Sur la proposition du Buureaux Particulier Lesceux prit l'engagement
114 925 512 1017 Séant en Bureaux
560 955 2037 1036 de payer onze francs cinquante centimes le quatorze janvier
122 989 538 1081 Particuliers les Vendredi
563 1022 2001 1106 mil huit cent soixante dix huit et pareille somme fin du dit
105 1072 524 1159 Vingt huit et Lundi
554 1103 2026 1175 mois. Le quatorze Janvier Lesceux ne paya pas. La cause
97 1178 518 1248 trente un Décembre
551 1167 2023 1248 en cet état fut renvoyée devant le Bureau Général du conseil
549 1240 2026 1312 séant le Jeudi dix sept Janvier mil huit cent soixante dix huit.
83 1245 507 1354 mil huit cent soixante
538 1306 2023 1390 Cité pour le dit jour dix sept Janvier par lettre du secrétaire du conseil
108 1332 359 1471 dix sept
540 1376 2032 1457 en date du quinze Janvier mil huit cent soixante dix huit, à la
543 1443 2001 1535 requête de Dulont Lesceux ne comparut pas. A l'appel
538 1518 2009 1605 de la cause Dulont se présenta et conclut à ce qu'il plut au
538 1596 2040 1674 Bureau Général du conseil donner défaut contre Lesceux non
543 1660 1998 1750 comparant ni personne pour lui quoique dument appelé et
538 1724 2040 1833 pour le profit le condamner à lui payer avec intérêts suivant la loi
538 1808 1970 1889 la somme de vingt trois francs qu'il lui doit pour salaire,
551 1875 2020 1972 plus, telle indemnité qu'il plaira au conseil fixer pour perte
554 1956 2001 2031 de temps devant les Bureaux du conseil et les dépens. Point
549 2017 1962 2101 de droit = Doit-on donner défaut contre Lesceux non
551 2095 1959 2170 comparant ni personne pour lui quoique dument appelé et
554 2154 1998 2240 pour le profit adjuger au demandeur les conclusions par lui
538 2218 1979 2312 précèdemment prises ? Que doit-il être statué à l'égard des
515 2293 2040 2393 dépens ? Après avoir entendu Dulont en ses demandes et conclusions
538 2368 1970 2457 et en avoir délibéré conformément à la loi ; Attendu que la
538 2438 2015 2521 demande de Dulont parait juste et fondée ; Que d'ailleurs elle n'est
538 2516 2023 2599 pas contestée par Lesceux non comparant ni personne pour lui
538 2583 1993 2666 quoique dument appelé ; Par ces motifs = Le Bureau Général
538 2652 2004 2733 jugeant en dernier ressort ; Vu l'article quarante un du décret du
538 2722 2009 2803 onze Juin mil huit cent neuf, portant règlement pour les conseils
538 2789 2029 2873 de Prud'hommes ; Donne défaut contre Lesceux non comparant
538 2859 2012 2939 ni personne pour lui quoique dument appelé ; Et adjugeant
538 2926 2009 3009 le profit du dit défaut ; Condamner Lesceux à payer avec
538 2995 2004 3079 intérêts suivant la loi à Dulont la somme de vingt trois
538 3070 2018 3165 francs qu'il lui doit pour salaire, plus une indemnité
