1743 3073
689 176 1232 322 Dudit jour trois Janvier
369 217 1658 430 Entre Monsieur Gémieux Confectionneur de vêtements,
379 302 1668 496 demeurant et domicilié à Paris, rue du faubourg Poissonnier
363 371 1658 568 numéro quatre vingt dix ; Défendeur en principal ; Demandeur
376 432 1609 627 opposant ; Défaillant ; D'une part ; Et Monsieur
358 499 1586 686 Neau, ouvrier tailleur coupeur d'habits, demeurant à
353 568 1591 755 Paris, rue Mazarine, numéro neuf ; Demandeur au
340 642 1612 819 principal ; Défendeur opposant ; Comparant ; D'autre part ;
328 714 1627 878 Point de fait = Par jugement rendu par défaut par le conseil
346 778 1602 939 de Prud'hommes du Département de la Seine pour l'industrie
343 839 1571 993 des tissus le quinze Novembre mil huit cent soixante dix sept,
343 914 1625 1065 enregistré, Gémieux a été condamné à payer à Neau la somme
338 975 1589 1121 de deux cent vingt francs de principaux et les accessoires. Ce jugement
328 1055 1571 1188 fut signifié à Gémieux par exploit de Minaud, huissier
335 1116 1566 1252 à Paris, en date du vingt un Décembre mil huit cent soixante
351 1180 1555 1303 dix sept, enregistré, à la requête de Neau. Suivant
335 1249 1545 1362 exploit de Champion, huissier à Paris, en date du vingt
328 1313 1537 1423 huit Decembre mil huit cent soixante dix sept et en vertu
343 1370 1568 1480 d'une autorisation spéciale de Monsieur le Président du
343 1441 1568 1551 Conseil, le dit exploit visé pour timbre et Enregistré à
310 1510 1563 1610 Paris, le trente un Décembre mil huit cent soixante dix sept,
320 1572 1496 1669 débet deux francs quinze centimes, signé de feuillez,
302 1651 1522 1728 Gémieux forma opposition à ce jugement et cita Neau à
317 1710 1537 1787 comparaître par devant le dit conseil de Prud'hommes séant
315 1777 1545 1848 en Bureau Général le Jeudi trois Janvier mil huit cent
307 1843 1532 1918 soixante dix huit pour ce voir recevoir apparant à ce
312 1910 1596 1982 jugement, le voir décharger des condamnations contre lui
310 1966 1578 2053 prononcées en principale et nécessaires, pretendre ledit Neau
325 2025 1540 2112 déclarer non recevable en sa demande, l'en débouter comme
328 2087 1525 2189 mal fondé en icelle, et attendu qu'il ne doit pas la
302 2156 1561 2258 somme portée à ce jugement, le voir recevoir reconventionnellement
299 2222 1514 2320 demandeur, dire le jugement dont s'agit nul et de nul
299 2279 1555 2394 effet ; statuant à nouveau, s'entendre, ledit Neau, condamner
315 2343 1548 2458 aux dépens de la première comme de la présente instance.
281 2399 1522 2519 A l'appel de la cause Gemieux ne comparant pas. De
287 2460 1540 2583 son côté Neau se présenta et conclut à ce qu'il plut au Bureau
269 2524 1491 2645 Général du conseil donner défaut contre Gémieux
284 2586 1519 2722 non comparant ni personne pour lui quoique dument
281 2637 1525 2788 appelé ; En la somme recevoir. Gémieux en son opposition
310 2706 1519 2845 au jugement rendu contre lui le quinze novembre dernier,
289 2770 1445 2901 enregistré, l'en débouter comme mal fondé en icelle ;
289 2832 1509 2970 Ordonner l'exécution pure et simple de ce jugement et
