1974 2943
464 39 1829 161 eux quoique dument appelés ; Attendu qu'en ne comparaissant pas
459 127 1870 218 devant les Bureaux du Conseil les époux Martin ont causé aux époux
439 186 1868 294 Lebœuf un préjudice de perte de temps, ce qu'ils doivent réparer ; Par
451 255 1870 350 ces motifs = Le Bureau Général jugeant en dernier ressort ; vu l'artic
461 318 1863 421 quarante un du decret du onze Juin mil huit cent neuf, portant
464 385 1848 497 règlement pour les conseils de Prud'hommes ; Donne défaut
454 453 1870 566 contre les époux Martin non comparant ni personne pour eux
471 519 1875 635 quoique dument appelés ; Et adjugeant le profit du dit défaut
468 593 1880 691 Condamne les époux Martin à payer avec intérêts suivant la loi
488 659 1880 757 aux époux Lebœuf la somme de sept francs cinquante qu'il
483 728 1885 821 lui doivent pour salaire de la dame Lebœuf, plus une indemnité
498 787 1880 887 de six francs pour temps perdu ; Les condamne en outre aux dépe
493 853 1885 949 taxés et liquidés envers les demandeurs à la somme de un franc, et
473 924 1890 1017 à celle due au Trésor Public, pour le papier timbré de la présente minute
488 998 1883 1076 conformément à la loi du sept août mil huit cent cinquante, ence,
491 1054 1892 1152 non compris le coût du présent jugement, la signification d'icelui
508 1118 1880 1201 et ses suites ; Et vu les articles 435 du code de procèdure civile
505 1187 1890 1287 27 et 42 du décret du onze Juin 1809, pour signifier aux défenseurs
486 1250 1878 1346 le présent jugement, commet Minaud, l'un de ses huissiers
488 1319 1848 1432 audienciers. Ainsi jugé les jour mois et an que dessus.
785 1910 1583 1993 Dudit jour dix Janvier
520 1962 1907 2052 Entre  Monsieur Pierre, ouvrier tailleur d'habits, demeura
520 2033 1910 2114 à Paris, rue Richelieu, numéro soixante quatre, Demandeur ;
515 2091 1892 2182 Comparant ; D'une part ; et Monsieur Roussel, Maître
520 2163 1919 2241 tailleur d'habits, demeurant et domicilié à Paris, rue Montorgue
515 2221 1905 2312 numéro vingt deux ; Défendeur ; Défaillant ; D'autre part ;
520 2293 1919 2371 Point de fait = Par lettres du secrétaire du conseil de Prud'hommes
535 2354 1917 2432 du Département de la seine pour l'industrie des tissus en dates des
520 2418 1907 2494 Lundi trente un Décembre mil huit cent soixante dix sept et
515 2477 1917 2555 Vendredi quatre Janvier mil huit cent soixante dix huit Pierre fit
532 2540 1924 2626 citer Roussel à comparaître par devant le dit conseil de Prud hommes
527 2611 1924 2678 séant en Bureaux Particuliers les Vendredi quatre et Lundi sept Janvier
547 2663 1924 2754 mil huit cent soixante dix huit pour se concilier si faire se pouvai
532 2732 1929 2820 sur la demande qu'il entendait former contre lui devant le dit conseil
