4608 3072
1356 360 3665 547 dépens ? Après avoir entendu les parties en leurs demandes et conclusions
1346 488 3673 645 respectives et en avoir délibéré conformément à la loi ; attendu qu’il
1346 599 3676 755 résulte des explications des parties que la comme de cinquante cinq
1349 696 3701 860 francs cinq centimes n’est pas contestée ; que Forteau ne s’oppose au
1331 821 3694 962 paiement de cette somme qu’il pense qu’il lui parait constant que la dame
1331 931 3694 1070 Akar du lui rendre un plus grand nombre de cols par chaque
1318 1039 3706 1169 partie d’étoffe à elle confiée ; attendu qu’il résulte des explications des
1331 1159 3704 1274 parties que si Forteau donnait toujours le même métrage d’étoffe
1333 1272 3709 1377 il n’en est pas de même de la nature de cet étoffe qui se trouvait être
1318 1379 3714 1484 tant et de même largeur et souvent plus étalé ; attendu qu’il  est
1274 1492 3724 1594 constant que les époux Akar qui habitent la maison de Forteau
1290 1589 3724 1728 lui ont soumis les cols tout tracés avant de les couper lorsqu’une différence
1295 1715 3724 1835 en moins d’une partie à une autre existait ; qu’il n’ d’ailleurs fait aucune
1287 1832 3732 1955 observation pendant et même après la livraison du travail ; attendu que
1272 1927 3719 2068 la réclamation de Forteau n’est pas fondée qu’il doit en être débouté.
1297 2042 3729 2183 Par ces motifs – Le Bureau Général jugeant en dernier ressort ;
1285 2147 3729 2304 Condamne Forteau à payer au époux Akar la somme de
1297 2255 3732 2432 cinquante cinq francs cinq centimes qu’il leur doit pour
1320 2375 3742 2577 prix de travaux de la dame Akar, travaux faits pour son
1218 2480 3742 2711 compte et d’après ses ordres ; Le condamner en outre au dépens
1282 2588 3745 2836 taxés et liquidés envers les demandeurs à la somme de un franc
