4608 3072
1525 344 3603 532 ne comparaissant pas devant les Bureaux du Conseil Decroës a causé
1536 471 3581 611 aux époux Margeran un préjudice de perte de temps, ce qu'il doit Repare
1510 568 3566 686 Par ces motifs — Le Bureau Général jugeant en dernier recours
1556 655 3563 783 Donne défaut Contre Decroës non comparant ni personne pour lui
1548 762 3568 880 quoique dument appelés ; Et adjugeant le profit dudit défaut Condamne
1543 852 3581 975 Decroës à payer avec intérêts suivant la loi aux époux Margeran
1538 949 3566 1082 la somme de vingt sept francs quinze centimes qu'il leur doit pour
1479 1049 3568 1180 prix de travaux faits par la mineure Léontine Boiron pour
1528 1159 3586 1285 Son Compte et d'après ses ordres, Plus une indemnité de six francs
1512 1254 3578 1369 pour temps perdu , Le Condamne en outre aux dépens taxés et
1530 1354 3578 1464 liquidés envers les demandeurs à la somme de un franc vingt
1518 1441 3578 1571 centime, et à celle de soixante quinze centimes envers le Trésor
1538 1551 3581 1676 Public pour le papier timbré de la présente minute, conformément
1533 1651 3581 1771 à la loi du sept août mil huit cent cinquante, ence, non compris
1518 1740 3571 1866 le cout du présent jugement, la signification d'icelui et ses suites
1497 1835 3571 1986 Et vu les articles 435 du code de procédure civile, 27 et 42 du décret
1533 1945 3589 2071 du onze juin 1809 pour signifier au défendeur le présent jugement
1546 2032 3581 2193 comemt Potin, l'un de ses huissiers audienciers. Ainsi jugé les
1528 2135 2416 2250 jour mois et an que dessus.
