3072 4608
1125 1720 1835 1812 Du dit jour huit Janvier
529 1770 2549 1916 Entre Mademoiselle Augustine Bourguignon, fabricante de
510 1870 2549 2015 fleurs artificielles, demeurant et domiciliée à Paris, rue
514 1966 2534 2104 neuve saint Denis, numéro vingt trois ; Demanderesse ;
510 2058 2438 2204 Comparant ; D’une part ; Et primo. Madame
526 2158 2492 2296 veuve Baucher, agissant au nom et comme
499 2250 2542 2400 l’administration de la personne et des biens de sa fille
495 2346 2507 2503 Augustine Baucher, apprentie, demeurant la dite dame
495 2438 2534 2595 à Paris, rue de Denain, numéro vingt deux ; secondo :
495 2526 2542 2703 Monsieur Lavoisier, demeurant à Paris, rue de Denain, numéro
499 2634 2522 2787 vingt deux agissant au nom et s’étant porté fort de la
479 2726 2530 2887 dame veuve Baucher ; tertio : Monsieur et Madame
503 2822 2526 2987 Eudeline, le dit sieur Eudeline tant en son nom  personnel que
468 2926 2522 3087 pour assister et autoriser la dame son épouse, fabricante de
460 3014 2538 3183 fleurs artificielles, demeurant et domiciliés, ensemble, à Paris,
476 3118 2545 3287 rue de Lafayette, numéro soixante cinq, appelés en responsable
464 3217 2522 3394 des dommages et intérêts comme ayant reçu l’apprentie en
468 3313 2492 3479 préjudice de la demoiselle Bourguignon ; Défenseurs ;
430 3402 2526 3582 Comparant ; D’autre part ; Point de droit -  Par lettre
460 3498 2542 3686 du secrétaire du Conseil de Prud’homme du Département
430 3594 2542 3770 de la Seine, pour l’industrie du tissus, en date du vingt novembre
449 3690 2534 3870 mil huit cent cinquante sept la demoiselle Bourguisnon fit
441 3782 2534 3970 citer la dame veuve Baucher, ès nom qu’elle agit à Comparaitre
433 3882 2499 4081 pardevant le dit Conseil séant en Bureau particulier le samedi
441 3985 2519 4174 vingt un novembre mil huit cent cinquante sept pour se concilier,
433 4078 2534 4312 si faire se pouvait sur la demande qu’elle entendait faire contre
568 341 2565 441 la soie qui sera employée pour la broderie et la somme de deux
529 410 2553 529 francs que la Brick a touchée par avance ; Condamné
568 495 2545 606 les époux Brick au dépens taxé et liquidés envers les demandeurs
552 583 2549 706 à la somme de cinq francs quarante deux centimes, et à celle deux
545 675 2561 806 francs envers le Trésor Public pour le papier timbré de la présente
552 768 2542 890 minute, le papier timbré et l’enregistrement de la citation conformément
545 860 2557 979 à  la loi du sept aout mil huit cent cinquante, ence, non compris
549 956 2549 1082 le cout du présent jugement, la signification d’icelui et ses suites. Ainsi
526 1052 1693 1198 jugé les jour, mois et and qui dessus.
