<?xml version="1.0" encoding="UTF-8"  standalone="yes"?>
<PcGts xmlns="http://schema.primaresearch.org/PAGE/gts/pagecontent/2019-07-15" xmlns:xsi="http://www.w3.org/2001/XMLSchema-instance" xsi:schemaLocation="http://schema.primaresearch.org/PAGE/gts/pagecontent/2019-07-15 http://schema.primaresearch.org/PAGE/gts/pagecontent/2019-07-15/pagecontent.xsd">
  <Metadata>
	<Creator>escriptorium</Creator>
	<Created>2021-01-21T17:55:10.311368+00:00</Created>
    <LastChange>2021-01-21T17:55:10.311390+00:00</LastChange>
  </Metadata>
  <Page imageFilename="PH 1858-564.jpg" imageWidth="3072" imageHeight="4608">

    

    
    <TextRegion id="eSc_dummyblock_">
    
    
      <TextLine id="r2l1" >
        <Coords points="1401,364 1405,334 1501,326 1574,326 1593,341 1635,326 1651,345 1751,326 1797,349 1873,330 1900,353 1989,353 2027,334 2062,357 2131,341 2158,387 2031,430 1989,426 1958,395 1916,395 1885,422 1823,422 1751,387 1720,410 1662,407 1624,380 1528,395 1405,380"/>
        <Baseline points="1404,366 1441,368 1479,371 1517,372 1555,375 1593,376 1630,377 1668,380 1706,380 1744,381 1782,383 1819,384 1857,385 1895,386 1933,387 1971,387 2008,388 2046,389 2084,389 2122,390 2160,390"/>
        <TextEquiv>
          <Unicode>Dudit jour dix huit Juin </Unicode>
        </TextEquiv>
      </TextLine>

    
    
      <TextLine id="r2l2" >
        <Coords points="641,445 652,345 844,353 906,391 944,372 994,395 1240,407 1344,384 1374,410 1459,414 1482,391 1524,391 1547,418 1574,418 1605,387 1639,387 1666,410 1708,399 1724,418 1777,391 1827,430 1919,433 1946,410 2015,437 2077,437 2104,414 2138,433 2169,414 2261,441 2300,410 2384,414 2415,437 2457,418 2499,453 2561,422 2649,460 2668,445 2688,526 2676,541 2661,529 2592,549 2503,545 2469,506 2430,518 2396,499 2265,518 2200,491 2165,506 2150,491 2019,499 1958,483 1912,503 1889,483 1850,499 1766,476 1655,476 1608,506 1528,506 1501,476 1463,495 1424,468 1328,468 1301,495 1228,468 1140,491 998,468 948,483 829,476 814,460 768,476 645,468"/>
        <Baseline points="642,447 744,453 846,457 948,459 1051,462 1153,464 1255,465 1358,467 1460,467 1562,467 1665,468 1767,470 1869,471 1971,474 2074,477 2176,482 2278,488 2381,495 2483,504 2585,514 2688,527"/>
        <TextEquiv>
          <Unicode>Entre Madame Marie Euphrasiene Piquet, ouvrière, épouse </Unicode>
        </TextEquiv>
      </TextLine>

    
    
      <TextLine id="r2l3" >
        <Coords points="641,541 648,487 706,491 721,476 802,495 852,476 890,491 921,472 990,503 1098,506 1159,476 1194,503 1228,483 1259,510 1286,495 1324,514 1363,514 1390,491 1424,503 1447,483 1486,503 1512,487 1547,522 1589,522 1628,491 1727,491 1820,495 1839,518 1877,499 1919,522 1935,510 1962,537 1992,537 2027,503 2154,506 2169,526 2246,510 2273,541 2365,518 2392,549 2442,533 2484,556 2618,560 2664,537 2684,552 2691,614 2680,633 2588,633 2465,595 2284,591 2261,614 2215,618 2188,591 2161,610 2123,583 1981,579 1912,602 1885,576 1727,602 1681,568 1512,564 1466,579 1370,556 1332,583 1290,568 1274,583 1201,583 1109,579 1090,564 1029,576 952,560 890,572 860,556 794,568 775,552 645,560"/>
        <Baseline points="642,543 744,547 847,549 949,551 1052,552 1155,554 1257,554 1360,555 1462,555 1565,557 1668,558 1770,560 1873,563 1975,566 2078,569 2181,575 2283,581 2386,587 2488,596 2591,604 2694,615"/>
        <TextEquiv>
          <Unicode>assistée et autorisée du sieur François Lédouard, et ce dernier, </Unicode>
        </TextEquiv>
      </TextLine>

    
    
      <TextLine id="r2l4" >
        <Coords points="629,633 637,579 691,560 737,583 856,587 883,564 952,591 1052,591 1098,572 1121,595 1190,576 1236,599 1297,576 1363,599 1397,576 1463,595 1482,576 1489,587 1562,572 1685,599 1701,583 1739,614 1808,587 1866,618 1893,595 1954,618 2019,587 2127,591 2154,618 2192,595 2231,629 2277,599 2449,602 2503,622 2522,606 2580,648 2664,648 2672,706 2653,721 2572,702 2465,718 2442,691 2373,698 2346,683 2184,706 2142,702 2119,675 2023,672 1923,698 1889,668 1758,668 1739,687 1689,660 1601,687 1566,656 1524,656 1505,675 1447,652 1409,668 1378,652 1271,652 1213,672 1140,652 1098,668 1067,652 956,664 798,645 741,656 718,641 633,652"/>
        <Baseline points="633,636 735,639 837,642 939,644 1041,645 1143,647 1245,647 1348,648 1450,650 1552,651 1654,651 1756,654 1858,656 1960,659 2063,662 2165,667 2267,672 2369,679 2471,686 2573,696 2676,707"/>
        <TextEquiv>
          <Unicode>demeurant ensemble, lesdits époux à Batignolles près Paris, rue </Unicode>
        </TextEquiv>
      </TextLine>

    
    
      <TextLine id="r2l5" >
        <Coords points="625,729 633,664 768,675 791,652 840,660 856,645 898,679 1002,656 1029,683 1117,687 1144,660 1205,691 1317,695 1347,668 1367,683 1413,660 1497,679 1543,664 1601,702 1685,706 1720,706 1747,679 1812,695 1835,675 1885,675 1950,714 1985,679 2115,683 2158,718 2196,706 2234,725 2250,710 2288,721 2334,691 2400,698 2430,729 2461,733 2538,733 2557,718 2588,737 2653,718 2676,729 2684,798 2672,814 2615,814 2557,791 2542,806 2519,787 2492,798 2423,779 2280,775 2250,806 2219,771 2058,768 2019,783 1996,764 1808,764 1743,791 1543,787 1386,744 1271,771 1213,744 1159,771 1128,752 994,768 629,744"/>
        <Baseline points="627,731 729,734 832,737 935,738 1038,740 1141,741 1244,743 1347,743 1450,744 1553,746 1656,747 1758,749 1861,750 1964,753 2067,757 2170,762 2273,767 2376,773 2479,781 2582,789 2685,801"/>
        <TextEquiv>
          <Unicode>d&#39;orléans, numéro quatre vingt dix ; Demandeurs ; Comparant ; </Unicode>
        </TextEquiv>
      </TextLine>

    
    
      <TextLine id="r2l6" >
        <Coords points="614,825 622,741 702,744 771,779 894,783 929,760 952,783 994,787 1009,771 1152,783 1182,752 1217,752 1278,791 1313,756 1355,756 1405,775 1474,760 1512,802 1605,806 1678,806 1701,791 1747,810 1797,771 1881,775 1919,814 1966,783 2027,814 2054,791 2081,802 2208,783 2288,825 2334,825 2369,791 2503,806 2530,794 2588,837 2680,837 2688,890 2676,921 2645,921 2553,887 2519,917 2469,917 2400,887 2350,883 2323,910 2292,890 2273,910 2238,887 2177,898 2119,871 1893,863 1870,883 1831,860 1785,867 1762,890 1735,863 1689,856 1574,860 1524,887 1459,848 1416,848 1386,875 1290,844 1128,863 1063,844 1009,871 952,856 917,867 902,852 618,860"/>
        <Baseline points="618,828 721,831 825,833 928,834 1032,836 1136,837 1239,839 1343,839 1447,840 1550,842 1654,843 1758,845 1861,848 1965,851 2069,854 2172,858 2276,864 2380,869 2483,876 2587,884 2691,894"/>
        <TextEquiv>
          <Unicode>D&#39;une part ; Et Monsieur et Madame Trouille, le dit </Unicode>
        </TextEquiv>
      </TextLine>

    
    
      <TextLine id="r2l7" >
        <Coords points="637,925 645,879 821,883 871,852 906,887 994,887 1021,860 1059,860 1102,887 1198,867 1286,890 1324,867 1367,867 1416,902 1482,902 1512,875 1547,906 1635,875 1693,890 1754,879 1789,910 1893,910 1946,887 2015,910 2046,887 2104,890 2131,917 2177,925 2200,906 2269,913 2292,894 2327,917 2369,898 2434,913 2449,902 2492,929 2538,902 2622,910 2653,933 2672,917 2688,986 2676,1002 2561,1002 2507,979 2434,998 2396,971 2211,967 2188,990 2158,963 1916,956 1827,979 1800,963 1689,967 1662,948 1585,959 1432,944 1405,959 1382,940 1274,940 1190,959 641,936"/>
        <Baseline points="639,929 741,930 843,930 946,932 1048,932 1151,933 1253,933 1356,935 1458,935 1561,936 1663,938 1765,941 1868,942 1970,945 2073,950 2175,953 2278,958 2380,964 2483,971 2585,980 2688,987"/>
        <TextEquiv>
          <Unicode>sieur Trouille tant en son nom personnel que pour assister et autoriser </Unicode>
        </TextEquiv>
      </TextLine>

    
    
      <TextLine id="r2l8" >
        <Coords points="625,1021 633,959 664,936 710,936 737,963 817,948 902,971 933,959 1056,975 1082,959 1163,979 1251,948 1486,956 1501,971 1520,956 1678,959 1724,986 1808,963 1854,990 1877,967 1935,967 1985,979 2004,1002 2065,1006 2104,986 2196,1009 2246,998 2426,1013 2461,990 2522,1017 2626,1002 2695,1021 2703,1082 2691,1105 2649,1105 2561,1071 2376,1098 2342,1067 2307,1079 2288,1059 2261,1082 2231,1059 2100,1071 1916,1048 1877,1075 1658,1040 1582,1075 1532,1040 1493,1059 1416,1040 1344,1059 1320,1044 1297,1063 1259,1063 1217,1032 1048,1059 829,1052 695,1025 629,1040"/>
        <Baseline points="627,1023 736,1025 845,1026 955,1026 1064,1028 1174,1028 1283,1028 1392,1029 1502,1030 1611,1031 1721,1032 1830,1035 1940,1038 2049,1041 2158,1046 2268,1051 2377,1058 2487,1064 2596,1073 2706,1083"/>
        <TextEquiv>
          <Unicode>la dame son épouse, Corsetière, demeurant et domiciliés ensemble </Unicode>
        </TextEquiv>
      </TextLine>

    
    
      <TextLine id="r2l9" >
        <Coords points="625,1113 633,1052 687,1025 729,1032 756,1059 817,1040 844,1067 890,1052 910,1071 1017,1075 1079,1075 1113,1044 1171,1040 1236,1040 1274,1082 1378,1082 1401,1067 1432,1082 1470,1048 1582,1090 1662,1052 1774,1056 1816,1094 1858,1067 1889,1086 1985,1063 2008,1086 2073,1075 2100,1098 2192,1075 2246,1109 2280,1109 2350,1075 2388,1113 2446,1117 2480,1117 2522,1079 2572,1079 2695,1121 2703,1175 2668,1186 2403,1159 2315,1175 2288,1155 2219,1152 2165,1171 2131,1148 1985,1152 1962,1167 1904,1144 1770,1136 1747,1152 1639,1132 1474,1132 1455,1152 1405,1152 1344,1128 1313,1148 1140,1125 1075,1140 825,1132 802,1117 783,1132 629,1128"/>
        <Baseline points="627,1115 736,1118 845,1121 955,1122 1064,1124 1174,1124 1283,1125 1392,1127 1502,1127 1611,1128 1721,1130 1830,1131 1940,1134 2049,1137 2158,1141 2268,1145 2377,1152 2487,1158 2596,1167 2706,1176"/>
        <TextEquiv>
          <Unicode>les dits époux, à Paris, rue du faubourg saint honoré, numéro cent </Unicode>
        </TextEquiv>
      </TextLine>

    
    
      <TextLine id="r2l10" >
        <Coords points="610,1213 618,1136 652,1125 672,1140 791,1144 814,1128 890,1148 948,1125 1021,1152 1148,1125 1282,1159 1344,1132 1413,1163 1512,1163 1539,1136 1643,1136 1720,1167 1770,1140 1885,1152 1912,1171 1935,1152 1992,1167 2065,1148 2146,1152 2211,1178 2288,1155 2369,1186 2461,1194 2561,1167 2653,1178 2703,1198 2711,1274 2699,1297 2607,1290 2576,1263 2526,1290 2453,1294 2438,1274 2403,1286 2384,1267 2315,1255 2223,1271 2184,1251 2104,1263 2054,1248 1751,1240 1658,1267 1628,1236 1432,1263 1382,1228 1328,1248 1251,1232 1228,1255 1194,1232 1113,1251 910,1248 856,1228 802,1244 710,1228 614,1236"/>
        <Baseline points="612,1217 717,1218 822,1220 927,1221 1032,1223 1137,1224 1242,1224 1347,1226 1452,1226 1557,1227 1662,1229 1767,1230 1872,1233 1977,1236 2082,1239 2187,1242 2292,1247 2397,1253 2502,1259 2607,1267 2712,1275"/>
        <TextEquiv>
          <Unicode>Vingt huit ; Défendeur ; Défaillant ; D&#39;autre part ; Point </Unicode>
        </TextEquiv>
      </TextLine>

    
    
      <TextLine id="r2l11" >
        <Coords points="622,1309 629,1259 664,1259 702,1228 771,1263 814,1232 852,1228 921,1267 1029,1255 1067,1271 1198,1236 1232,1274 1363,1278 1524,1248 1639,1248 1658,1271 1708,1259 1754,1286 1843,1255 1877,1290 1912,1274 1950,1290 2012,1259 2231,1274 2242,1263 2277,1286 2300,1267 2353,1267 2392,1305 2515,1305 2534,1286 2584,1309 2676,1309 2684,1363 2664,1382 2542,1386 2522,1363 2503,1382 2476,1363 2453,1382 2400,1382 2376,1355 2234,1351 2208,1370 2188,1351 2069,1347 2031,1370 1985,1370 1931,1344 1881,1347 1862,1367 1797,1340 1678,1351 1582,1336 1509,1359 1436,1332 1340,1351 1286,1328 1221,1351 1163,1336 1090,1347 917,1344 883,1328 668,1336 652,1320 625,1332"/>
        <Baseline points="624,1311 727,1313 830,1314 933,1316 1036,1316 1139,1317 1242,1319 1345,1319 1448,1320 1551,1322 1654,1323 1757,1326 1860,1328 1963,1331 2066,1334 2169,1337 2272,1342 2375,1346 2478,1352 2581,1358 2685,1365"/>
        <TextEquiv>
          <Unicode>de fait — Par lettres du secrétaire du Conseil de Prud&#39;hommes du </Unicode>
        </TextEquiv>
      </TextLine>

    
    
      <TextLine id="r2l12" >
        <Coords points="591,1409 599,1324 656,1324 691,1351 798,1351 833,1336 906,1359 1025,1347 1052,1363 1071,1344 1105,1344 1178,1367 1240,1340 1351,1370 1428,1347 1512,1374 1593,1347 1639,1378 1701,1367 1739,1382 1804,1382 1827,1359 1847,1374 1873,1355 2019,1390 2092,1363 2300,1367 2365,1370 2384,1390 2434,1370 2472,1401 2668,1386 2703,1405 2711,1466 2588,1489 2561,1459 2519,1474 2503,1459 2438,1474 2396,1451 2369,1466 2304,1455 2204,1470 2150,1447 2127,1463 2073,1451 2019,1474 1966,1443 1939,1459 1912,1440 1866,1463 1804,1436 1739,1440 1708,1463 1643,1443 1620,1459 1570,1428 1428,1443 1370,1432 1347,1451 1320,1428 1224,1451 1190,1432 1171,1447 1148,1420 1079,1440 1036,1432 1021,1447 933,1420 852,1440 794,1424 764,1440 595,1436"/>
        <Baseline points="594,1410 699,1412 805,1413 911,1415 1017,1416 1123,1418 1229,1418 1335,1419 1441,1421 1547,1421 1653,1423 1758,1425 1864,1427 1970,1430 2076,1433 2182,1436 2288,1440 2394,1446 2500,1452 2606,1460 2712,1467"/>
        <TextEquiv>
          <Unicode>Département de la Seine pour l&#39;industrie des tissus en dates des Jeudi </Unicode>
        </TextEquiv>
      </TextLine>

    
    
      <TextLine id="r2l13" >
        <Coords points="614,1505 622,1455 810,1463 894,1432 1029,1459 1140,1440 1267,1474 1320,1474 1374,1443 1424,1478 1486,1478 1516,1459 1536,1482 1597,1482 1624,1455 1674,1451 1831,1489 1877,1459 1958,1463 2015,1493 2054,1463 2096,1463 2138,1497 2223,1497 2242,1482 2311,1493 2369,1474 2400,1486 2426,1470 2461,1474 2492,1505 2519,1482 2565,1505 2622,1478 2703,1478 2714,1559 2703,1574 2603,1574 2561,1555 2423,1570 2112,1539 1816,1555 1804,1539 1727,1536 1662,1551 1616,1528 1570,1543 1501,1528 1363,1543 1305,1520 1236,1539 1201,1516 1132,1536 933,1520 913,1532 821,1528 802,1509 618,1524"/>
        <Baseline points="618,1508 723,1509 828,1512 933,1514 1038,1515 1143,1516 1248,1517 1353,1518 1458,1518 1563,1520 1668,1521 1773,1523 1878,1524 1983,1527 2088,1530 2193,1533 2298,1537 2403,1542 2508,1548 2613,1553 2718,1562"/>
        <TextEquiv>
          <Unicode>dix et samedi douze Juin mil huit cent cinquante huit les époux </Unicode>
        </TextEquiv>
      </TextLine>

    
    
      <TextLine id="r2l14" >
        <Coords points="599,1608 606,1551 702,1555 733,1528 779,1520 821,1524 863,1555 956,1528 1009,1562 1052,1562 1071,1543 1105,1562 1159,1532 1305,1532 1332,1555 1347,1543 1416,1562 1436,1543 1482,1562 1512,1555 1532,1574 1658,1578 1766,1543 1800,1578 1831,1582 1870,1582 1916,1547 1958,1570 2004,1551 2039,1582 2104,1551 2150,1585 2188,1589 2257,1589 2296,1555 2415,1593 2446,1578 2480,1585 2503,1562 2565,1585 2592,1562 2618,1585 2695,1562 2703,1655 2691,1670 2630,1655 2530,1670 2472,1651 2400,1666 2353,1647 2142,1643 2062,1658 2042,1643 1885,1655 1808,1635 1774,1651 1635,1631 1601,1647 1578,1631 1489,1647 1474,1628 1236,1639 1217,1624 602,1624"/>
        <Baseline points="600,1611 705,1614 810,1616 915,1619 1021,1619 1126,1620 1231,1622 1337,1623 1442,1623 1547,1625 1653,1626 1758,1628 1863,1629 1968,1631 2074,1632 2179,1635 2284,1638 2390,1643 2495,1646 2600,1652 2706,1658"/>
        <TextEquiv>
          <Unicode>Lédouard ont fait citer les époux Trouille à comparaître par devant </Unicode>
        </TextEquiv>
      </TextLine>

    
    
      <TextLine id="r2l15" >
        <Coords points="614,1712 622,1651 668,1624 706,1647 764,1651 787,1635 806,1651 833,1639 852,1655 998,1655 1032,1639 1052,1658 1128,1631 1201,1635 1232,1655 1317,1635 1344,1662 1436,1639 1470,1639 1489,1658 1566,1639 1612,1670 1912,1662 2012,1678 2039,1651 2104,1651 2123,1670 2161,1655 2280,1655 2330,1674 2411,1658 2457,1678 2488,1662 2507,1681 2545,1666 2672,1666 2703,1678 2711,1754 2699,1774 2565,1774 2538,1754 2511,1770 2457,1751 2330,1770 2242,1751 2177,1762 2123,1743 2046,1762 2027,1743 1985,1743 1950,1762 1870,1739 1797,1758 1754,1735 1562,1731 1409,1731 1390,1751 1374,1735 1340,1747 1313,1731 1224,1731 1186,1747 1144,1724 1075,1743 983,1720 890,1739 806,1739 771,1720 618,1735"/>
        <Baseline points="615,1713 719,1715 824,1715 929,1716 1034,1717 1139,1718 1244,1719 1348,1719 1453,1721 1558,1722 1663,1724 1768,1725 1873,1728 1978,1730 2082,1733 2187,1736 2292,1740 2397,1744 2502,1748 2607,1752 2712,1758"/>
        <TextEquiv>
          <Unicode>ledit Conseil de Prud&#39;hommes séant en Bureaux Particuliers les samedi </Unicode>
        </TextEquiv>
      </TextLine>

    
    
      <TextLine id="r2l16" >
        <Coords points="587,1808 595,1754 610,1751 844,1766 913,1735 1002,1739 1036,1770 1109,1739 1159,1774 1313,1747 1409,1770 1524,1747 1555,1781 1704,1781 1735,1751 1816,1770 1843,1754 1904,1754 1919,1770 2027,1758 2073,1777 2123,1758 2196,1793 2296,1793 2323,1774 2396,1793 2480,1774 2515,1800 2657,1785 2699,1800 2707,1850 2618,1873 2515,1873 2480,1850 2315,1847 2246,1866 2223,1847 2177,1847 2154,1866 2123,1843 1958,1862 1931,1839 1762,1858 1735,1835 1674,1854 1536,1835 1501,1850 1474,1835 1443,1850 1393,1835 1340,1847 1320,1827 1159,1847 1113,1823 1075,1839 1029,1827 1013,1843 879,1827 783,1839 768,1820 729,1835 683,1816 591,1835"/>
        <Baseline points="591,1812 696,1815 802,1817 908,1818 1014,1820 1120,1821 1226,1821 1332,1823 1438,1824 1544,1826 1650,1826 1755,1827 1861,1829 1967,1831 2073,1833 2179,1835 2285,1838 2391,1841 2497,1845 2603,1848 2709,1853"/>
        <TextEquiv>
          <Unicode>douze et Lundi quatorze Juin mil huit cent Cinquante huit pour </Unicode>
        </TextEquiv>
      </TextLine>

    
    
      <TextLine id="r2l17" >
        <Coords points="606,1904 610,1847 648,1823 714,1827 752,1858 833,1831 1048,1866 1094,1835 1121,1862 1140,1850 1155,1866 1248,1870 1286,1835 1344,1850 1370,1835 1405,1873 1482,1873 1497,1858 1574,1870 1612,1850 1666,1877 1762,1858 1789,1877 1804,1866 1831,1881 1958,1885 2015,1885 2077,1850 2142,1850 2181,1889 2234,1877 2257,1854 2338,1854 2446,1870 2492,1858 2538,1896 2645,1889 2703,1862 2722,1946 2711,1973 2661,1950 2576,1973 2492,1946 2388,1946 2350,1966 2284,1943 2142,1939 1923,1950 1900,1935 1812,1950 1697,1931 1639,1954 1528,1931 1482,1950 1436,1935 1374,1950 1282,1931 1259,1943 1244,1927 1213,1946 1079,1931 794,1939 733,1916 610,1935"/>
        <Baseline points="608,1908 713,1911 819,1914 925,1917 1031,1920 1137,1922 1242,1923 1348,1923 1454,1925 1560,1925 1666,1926 1771,1926 1877,1928 1983,1929 2089,1931 2195,1932 2300,1935 2406,1937 2512,1941 2618,1945 2724,1950"/>
        <TextEquiv>
          <Unicode>se concilier si faire se pouvait sur la demande qu&#39;ils entendent former </Unicode>
        </TextEquiv>
      </TextLine>

    
    
      <TextLine id="r2l18" >
        <Coords points="595,2008 602,1935 691,1950 733,1935 768,1966 806,1969 906,1969 983,1939 1025,1973 1159,1969 1205,1943 1240,1977 1317,1977 1378,1946 1443,1981 1516,1950 1605,1950 1658,1985 1716,1973 1870,1989 1992,1989 2042,1958 2081,1958 2119,1977 2138,1966 2165,1992 2242,1962 2300,1996 2346,1973 2365,1992 2384,1973 2407,1992 2503,1966 2522,1981 2568,1969 2603,2000 2657,2000 2695,1969 2711,1977 2718,2046 2695,2073 2657,2058 2611,2073 2576,2050 2549,2069 2530,2054 2496,2069 2476,2050 2438,2069 2346,2069 2292,2042 2184,2042 2154,2062 2135,2042 2081,2058 2054,2039 2027,2054 1981,2039 1946,2058 1797,2039 1743,2058 1724,2039 1658,2054 1628,2035 1486,2035 1443,2054 1340,2027 1313,2050 1232,2050 1209,2031 1194,2046 1090,2046 936,2023 840,2042 802,2019 775,2039 744,2019 599,2039"/>
        <Baseline points="597,2009 703,2013 809,2016 915,2018 1021,2021 1128,2022 1234,2024 1340,2025 1446,2025 1552,2027 1659,2028 1765,2028 1871,2030 1977,2031 2083,2033 2190,2034 2296,2036 2402,2039 2508,2042 2614,2045 2721,2049"/>
        <TextEquiv>
          <Unicode>contre eux devant le dit Conseil en paiement de la somme de huit franc </Unicode>
        </TextEquiv>
      </TextLine>

    
    
      <TextLine id="r2l19" >
        <Coords points="587,2115 599,2046 648,2069 698,2039 867,2039 898,2073 1155,2077 1236,2054 1259,2077 1351,2077 1397,2046 1436,2081 1666,2050 1697,2069 1724,2054 1774,2081 1812,2065 1850,2085 1904,2081 1931,2058 2092,2058 2115,2081 2204,2092 2242,2092 2292,2062 2388,2092 2599,2065 2630,2096 2672,2096 2711,2069 2726,2146 2714,2165 2664,2146 2595,2146 2565,2165 2457,2142 2415,2158 2330,2142 2234,2161 2184,2138 2088,2138 2058,2158 2039,2138 1731,2154 1716,2138 1589,2131 1574,2146 1536,2131 1512,2150 1466,2135 1432,2150 1413,2131 1255,2146 1224,2127 1163,2146 1059,2127 1036,2142 867,2142 837,2123 791,2138 771,2123 744,2138 591,2135"/>
        <Baseline points="591,2117 703,2118 816,2120 928,2120 1041,2121 1153,2123 1266,2123 1379,2124 1491,2124 1604,2126 1716,2126 1829,2127 1941,2129 2054,2130 2167,2132 2279,2135 2392,2136 2504,2139 2617,2142 2730,2147"/>
        <TextEquiv>
          <Unicode>qu&#39;ils leur doivent pour prix de travaux faits par la dame de Lédouard </Unicode>
        </TextEquiv>
      </TextLine>

    
    
      <TextLine id="r2l20" >
        <Coords points="591,2211 595,2161 660,2135 695,2161 737,2142 771,2161 802,2135 837,2135 863,2165 944,2142 979,2142 1002,2165 1067,2146 1086,2161 1109,2138 1148,2154 1324,2142 1340,2158 1382,2142 1440,2158 1474,2146 1497,2165 1566,2146 1601,2173 1651,2158 1674,2177 1743,2150 1847,2150 1873,2177 1923,2181 1966,2181 1992,2154 2027,2181 2127,2181 2154,2161 2188,2184 2338,2184 2388,2158 2430,2158 2457,2188 2538,2188 2576,2161 2611,2184 2626,2169 2645,2188 2711,2188 2722,2242 2657,2265 2641,2250 2449,2242 2327,2242 2257,2261 2238,2242 2192,2254 2181,2238 2004,2242 1989,2257 1916,2238 1885,2254 1854,2234 1751,2254 1651,2234 1612,2250 1555,2234 1432,2250 1382,2231 1336,2246 1294,2231 1251,2246 1209,2231 1171,2246 1059,2231 990,2242 971,2223 944,2242 595,2238"/>
        <Baseline points="594,2213 700,2214 807,2217 913,2219 1020,2220 1126,2222 1233,2223 1339,2224 1446,2225 1552,2226 1659,2228 1765,2229 1872,2230 1978,2231 2085,2232 2191,2234 2298,2235 2404,2237 2511,2239 2617,2241 2724,2244"/>
        <TextEquiv>
          <Unicode>pour leur compte et d&#39;après leurs ordres. Les époux Trouille n&#39;ayant </Unicode>
        </TextEquiv>
      </TextLine>

    
    
      <TextLine id="r2l21" >
        <Coords points="591,2311 595,2250 660,2234 702,2269 741,2269 775,2242 840,2257 871,2234 902,2265 936,2246 956,2265 1029,2269 1075,2242 1136,2273 1194,2273 1282,2238 1340,2265 1363,2242 1420,2242 1455,2277 1643,2280 1727,2280 1751,2257 1793,2280 1927,2280 1950,2257 1996,2250 2131,2250 2173,2273 2231,2250 2265,2284 2392,2288 2434,2254 2638,2254 2664,2280 2703,2254 2714,2334 2699,2361 2661,2346 2626,2365 2588,2346 2449,2346 2411,2365 2380,2346 2292,2361 2246,2342 2181,2342 2165,2357 2142,2342 2050,2353 1996,2338 1866,2338 1847,2357 1797,2342 1766,2357 1693,2342 1655,2357 1574,2342 1516,2353 1489,2334 1463,2353 1286,2353 1228,2350 1205,2330 1132,2330 1109,2350 940,2350 921,2327 875,2327 856,2346 791,2346 775,2330 741,2342 725,2327 595,2342"/>
        <Baseline points="594,2313 700,2315 806,2316 912,2317 1018,2318 1125,2319 1231,2321 1337,2322 1443,2324 1549,2325 1656,2327 1762,2328 1868,2330 1974,2331 2080,2333 2187,2334 2293,2334 2399,2336 2505,2337 2611,2337 2718,2337"/>
        <TextEquiv>
          <Unicode>pas comparu la cause fut renvoyée devant le Bureau Général </Unicode>
        </TextEquiv>
      </TextLine>

    
    
      <TextLine id="r2l22" >
        <Coords points="595,2423 606,2353 629,2373 687,2350 783,2350 837,2373 867,2350 913,2350 944,2380 1048,2380 1144,2353 1244,2357 1267,2380 1313,2380 1347,2353 1413,2353 1436,2376 1478,2353 1532,2369 1585,2353 1685,2388 1743,2388 1758,2373 1774,2388 1835,2388 1866,2361 1893,2376 1935,2357 1966,2388 2081,2388 2135,2369 2154,2388 2277,2392 2338,2361 2369,2376 2446,2361 2553,2392 2580,2365 2649,2392 2703,2388 2714,2438 2672,2457 2449,2442 2211,2461 2169,2438 2073,2453 1954,2438 1812,2457 1793,2438 1662,2453 1543,2438 1528,2453 1482,2434 1447,2453 1355,2453 1274,2438 760,2449 710,2430 599,2430"/>
        <Baseline points="599,2424 710,2426 822,2426 933,2426 1045,2427 1156,2427 1268,2427 1379,2429 1491,2429 1602,2430 1714,2430 1825,2432 1937,2433 2048,2433 2160,2435 2271,2436 2383,2436 2494,2438 2606,2439 2718,2441"/>
        <TextEquiv>
          <Unicode>du dit Conseil séant le vendredi dix huit Juin mil huit cent </Unicode>
        </TextEquiv>
      </TextLine>

    
    
      <TextLine id="r2l23" >
        <Coords points="576,2511 587,2465 856,2476 994,2453 1029,2480 1079,2461 1144,2480 1186,2446 1305,2446 1378,2457 1405,2484 1512,2484 1574,2449 1601,2480 1631,2469 1666,2488 1808,2488 1847,2453 1962,2457 1977,2472 2019,2453 2100,2457 2154,2480 2200,2457 2242,2492 2357,2457 2515,2461 2572,2496 2611,2461 2661,2461 2691,2484 2718,2472 2726,2534 2549,2545 2480,2580 2315,2576 2292,2553 2238,2542 2169,2542 2138,2561 2119,2542 1992,2542 1973,2561 1923,2549 1904,2565 1877,2538 1651,2561 1628,2538 1605,2549 1547,2534 1470,2557 1386,2545 1367,2565 1317,2568 1155,2549 1140,2565 975,2565 936,2526 825,2549 764,2526 718,2561 625,2526 579,2557"/>
        <Baseline points="576,2514 683,2516 791,2519 899,2520 1006,2522 1114,2523 1222,2525 1329,2525 1437,2526 1545,2526 1653,2528 1760,2528 1868,2529 1976,2529 2083,2529 2191,2531 2299,2532 2406,2532 2514,2534 2622,2535 2730,2537"/>
        <TextEquiv>
          <Unicode>Cinquante huit. Cités pour le dit jour dix huit Juin les époux Trouille </Unicode>
        </TextEquiv>
      </TextLine>

    
    
      <TextLine id="r2l24" >
        <Coords points="568,2618 572,2565 610,2545 710,2572 741,2549 802,2545 844,2584 902,2549 940,2584 990,2568 1102,2584 1152,2561 1282,2588 1332,2584 1378,2557 1578,2549 1670,2588 1731,2553 1781,2588 2008,2592 2031,2592 2069,2553 2277,2557 2327,2592 2469,2592 2522,2553 2634,2553 2680,2592 2699,2588 2714,2630 2680,2657 2622,2657 2603,2638 2561,2653 2507,2638 2280,2638 2254,2653 2227,2638 2204,2657 2150,2638 2127,2657 2069,2641 2004,2657 1950,2634 1916,2653 1754,2653 1701,2634 1605,2653 1570,2634 1501,2634 1474,2653 1236,2649 1205,2630 1159,2649 1025,2649 1009,2634 952,2649 929,2630 898,2649 783,2649 718,2630 695,2649 629,2630 572,2641"/>
        <Baseline points="569,2619 676,2621 783,2622 890,2624 998,2625 1105,2625 1212,2627 1320,2627 1427,2628 1534,2628 1642,2628 1749,2630 1856,2630 1963,2630 2071,2630 2178,2631 2285,2631 2393,2631 2500,2633 2607,2633 2715,2633"/>
        <TextEquiv>
          <Unicode>ne comparurent pas. A l&#39;appel de la cause les époux Lédouard </Unicode>
        </TextEquiv>
      </TextLine>

    
    
      <TextLine id="r2l25" >
        <Coords points="587,2714 591,2672 648,2645 679,2664 768,2638 802,2664 833,2645 887,2657 906,2638 940,2638 983,2668 1006,2649 1021,2668 1063,2664 1082,2680 1159,2661 1209,2680 1301,2680 1324,2664 1344,2680 1555,2684 1589,2661 1647,2684 1762,2657 1866,2661 1904,2688 1939,2688 1966,2661 2050,2661 2085,2680 2142,2653 2165,2672 2188,2649 2254,2649 2280,2676 2338,2653 2592,2653 2672,2676 2691,2661 2711,2668 2722,2734 2707,2757 2691,2741 2545,2741 2511,2760 2480,2741 2446,2760 2376,2741 2311,2760 2292,2737 2169,2737 2154,2753 2119,2741 2088,2764 2012,2768 1981,2749 1866,2734 1727,2734 1678,2757 1662,2741 1620,2757 1574,2734 1555,2749 1428,2760 1405,2745 1378,2760 1244,2760 1121,2734 1090,2757 1017,2760 829,2726 775,2757 591,2757"/>
        <Baseline points="591,2718 697,2721 804,2722 910,2723 1017,2724 1124,2725 1230,2726 1337,2726 1444,2727 1550,2727 1657,2727 1764,2729 1870,2729 1977,2729 2084,2730 2190,2730 2297,2730 2404,2732 2510,2733 2617,2733 2724,2735"/>
        <TextEquiv>
          <Unicode>se présentèrent les conclurent à ce qu&#39;il plut au Bureau Général dudit </Unicode>
        </TextEquiv>
      </TextLine>

    
    
      <TextLine id="r2l26" >
        <Coords points="568,2818 572,2776 748,2776 817,2741 917,2741 975,2772 1021,2760 1036,2776 1159,2745 1194,2776 1347,2757 1416,2772 1466,2753 1501,2768 1532,2745 1608,2745 1639,2764 1770,2745 1797,2772 1812,2760 1870,2780 2004,2784 2050,2764 2112,2780 2135,2757 2184,2780 2238,2749 2288,2784 2353,2749 2476,2749 2584,2780 2641,2749 2711,2784 2722,2830 2699,2845 2522,2841 2496,2864 2315,2864 2292,2845 2242,2864 2219,2841 2112,2841 2085,2860 2058,2845 2023,2864 1966,2837 1900,2856 1800,2833 1520,2856 1501,2841 1416,2853 1401,2837 1324,2837 1309,2853 1236,2856 1190,2833 1144,2856 998,2856 940,2826 906,2856 852,2826 572,2826"/>
        <Baseline points="570,2819 677,2820 785,2822 892,2823 1000,2825 1108,2826 1215,2826 1323,2828 1431,2829 1538,2829 1646,2830 1754,2831 1861,2831 1969,2831 2077,2832 2184,2832 2292,2832 2400,2832 2507,2832 2615,2832 2723,2832"/>
        <TextEquiv>
          <Unicode>Conseil autoriser la dame Trouille à ester en justice faute par son </Unicode>
        </TextEquiv>
      </TextLine>

    
    
      <TextLine id="r2l27" >
        <Coords points="591,2918 606,2856 641,2876 779,2868 794,2853 814,2872 871,2872 929,2841 983,2841 1017,2876 1094,2876 1132,2856 1148,2868 1171,2845 1297,2868 1320,2845 1405,2845 1459,2880 1670,2880 1716,2849 1812,2849 1870,2883 1893,2883 1927,2849 2073,2876 2100,2849 2142,2880 2196,2849 2246,2887 2423,2887 2511,2853 2618,2853 2661,2887 2718,2856 2726,2933 2607,2972 2549,2972 2526,2949 2484,2945 2353,2945 2323,2960 2292,2945 2250,2964 2196,2941 2088,2941 2073,2956 2054,2941 2023,2956 1977,2945 1873,2968 1735,2968 1712,2952 1670,2968 1624,2937 1543,2956 1516,2941 1455,2964 1301,2964 1286,2949 1259,2964 1075,2960 1056,2941 1025,2960 952,2960 910,2933 741,2933 687,2960 595,2956"/>
        <Baseline points="593,2921 699,2921 806,2921 913,2922 1020,2922 1127,2924 1234,2924 1340,2925 1447,2925 1554,2927 1661,2927 1768,2928 1875,2930 1982,2930 2088,2931 2195,2931 2302,2933 2409,2933 2516,2933 2623,2934 2730,2934"/>
        <TextEquiv>
          <Unicode>mari de l&#39;avoir fait ; Donner défaut contre les époux Trouille </Unicode>
        </TextEquiv>
      </TextLine>

    
    
      <TextLine id="r2l28" >
        <Coords points="568,3025 572,2987 606,2968 645,2987 748,2987 798,2960 825,2960 852,2987 894,2987 921,2960 983,2987 1056,2987 1105,2960 1182,2979 1317,2964 1340,2987 1397,2972 1428,2987 1459,2972 1489,2987 1655,2987 1681,2964 1727,2987 1793,2987 1893,2960 1943,2983 2081,2976 2100,2960 2115,2976 2158,2960 2403,2960 2430,2987 2496,2987 2661,2960 2680,2979 2722,2960 2734,3029 2722,3045 2676,3033 2657,3048 2618,3033 2595,3056 2538,3033 2438,3048 2330,3033 2288,3056 2231,3041 2188,3056 2165,3033 2119,3033 2088,3056 2023,3056 1992,3033 1950,3048 1931,3029 1835,3048 1685,3029 1628,3056 1455,3056 1401,3033 1382,3052 1317,3033 1274,3056 1224,3033 1194,3056 1125,3056 1094,3033 1040,3033 1009,3056 959,3056 936,3033 860,3052 806,3029 714,3029 672,3048 625,3029 599,3056 572,3056"/>
        <Baseline points="570,3026 678,3027 786,3027 894,3027 1003,3027 1111,3029 1219,3029 1328,3029 1436,3030 1544,3030 1653,3030 1761,3030 1869,3032 1977,3032 2086,3032 2194,3032 2302,3032 2411,3032 2519,3032 2627,3032 2736,3032"/>
        <TextEquiv>
          <Unicode>non comparants ni personne pour eux quoique dument appelés ; </Unicode>
        </TextEquiv>
      </TextLine>

    
    
      <TextLine id="r2l29" >
        <Coords points="560,3121 579,3083 652,3045 737,3083 810,3045 852,3045 894,3087 998,3087 1017,3068 1044,3087 1075,3060 1144,3072 1205,3045 1274,3060 1324,3045 1386,3087 1578,3087 1655,3045 1743,3045 1785,3087 1927,3087 1977,3056 2042,3087 2108,3045 2177,3045 2219,3087 2254,3087 2304,3045 2423,3045 2446,3064 2469,3045 2538,3045 2599,3087 2711,3087 2722,3125 2711,3148 2661,3129 2415,3148 2315,3129 2277,3148 2142,3148 2096,3129 2019,3148 1689,3133 1620,3148 1601,3129 1543,3148 1336,3148 1313,3133 1194,3148 1125,3129 890,3129 848,3148 825,3129 756,3148 710,3129 564,3129"/>
        <Baseline points="563,3123 671,3123 779,3125 887,3125 995,3126 1103,3126 1211,3126 1319,3127 1427,3128 1535,3128 1643,3128 1751,3128 1859,3128 1967,3128 2075,3128 2183,3128 2291,3128 2399,3128 2507,3128 2615,3128 2724,3128"/>
        <TextEquiv>
          <Unicode>Et adjugeant le profit du dit défaut Condamner solidairement </Unicode>
        </TextEquiv>
      </TextLine>

    
    
      <TextLine id="r2l30" >
        <Coords points="560,3221 576,3183 633,3141 706,3141 748,3179 798,3144 844,3183 975,3183 1044,3152 1079,3183 1378,3183 1440,3141 1463,3141 1505,3183 1574,3141 1616,3141 1697,3183 1881,3183 1935,3141 2023,3160 2058,3141 2131,3141 2204,3164 2246,3141 2296,3141 2361,3183 2423,3141 2476,3160 2511,3141 2538,3168 2568,3141 2622,3144 2649,3171 2699,3141 2730,3221 2607,3252 2530,3229 2472,3252 2415,3233 2369,3260 2330,3237 2223,3233 2169,3260 2015,3260 1985,3233 1943,3248 1835,3233 1812,3256 1754,3233 1720,3260 1681,3260 1658,3237 1612,3260 1578,3233 1516,3252 1493,3229 1443,3260 1317,3260 1263,3237 1205,3260 1136,3260 1105,3233 983,3260 944,3229 925,3244 906,3229 771,3229 729,3244 706,3229 564,3229"/>
        <Baseline points="561,3222 669,3224 778,3225 886,3226 995,3227 1104,3228 1212,3228 1321,3230 1429,3230 1538,3230 1647,3230 1755,3230 1864,3230 1972,3230 2081,3228 2190,3228 2298,3227 2407,3227 2515,3225 2624,3224 2733,3222"/>
        <TextEquiv>
          <Unicode>les époux Lédouard à leur payer avec intérêts suivant la loi la </Unicode>
        </TextEquiv>
      </TextLine>

    
    
      <TextLine id="r2l31" >
        <Coords points="576,3325 579,3283 622,3283 668,3248 848,3248 879,3275 917,3275 948,3248 994,3271 1032,3248 1121,3248 1167,3283 1209,3260 1232,3283 1405,3279 1440,3260 1482,3283 1532,3248 1647,3252 1681,3283 2015,3283 2035,3267 2058,3283 2154,3283 2208,3252 2238,3283 2300,3252 2342,3279 2419,3279 2480,3252 2507,3271 2580,3260 2641,3283 2661,3263 2684,3275 2730,3256 2741,3321 2664,3344 2634,3329 2603,3344 2549,3329 2400,3344 1989,3344 1973,3329 1939,3344 1512,3344 1390,3329 1328,3344 1263,3329 902,3344 875,3329 852,3344 806,3329 664,3329 648,3344 579,3344"/>
        <Baseline points="579,3329 687,3327 795,3327 903,3327 1012,3326 1120,3326 1228,3326 1336,3327 1445,3327 1553,3327 1661,3329 1769,3329 1878,3329 1986,3329 2094,3329 2202,3329 2311,3329 2419,3327 2527,3327 2635,3325 2744,3323"/>
        <TextEquiv>
          <Unicode>somme de huit francs qu&#39;ils leur doivent pour prix de travaux faits </Unicode>
        </TextEquiv>
      </TextLine>

    
    
      <TextLine id="r2l32" >
        <Coords points="595,3425 599,3367 668,3348 695,3367 798,3367 825,3340 860,3367 1052,3367 1109,3340 1140,3367 1205,3336 1286,3336 1317,3367 1355,3336 1655,3336 1685,3367 1785,3367 1827,3344 1877,3363 1916,3336 1985,3367 2077,3363 2108,3336 2150,3352 2223,3336 2288,3359 2330,3340 2357,3367 2419,3336 2553,3336 2572,3356 2618,3336 2707,3336 2726,3421 2511,3452 2453,3432 2353,3444 2338,3429 2234,3452 2192,3436 2077,3452 2031,3429 1989,3444 1908,3436 1889,3452 1708,3452 1681,3436 1628,3452 1505,3436 1455,3452 1413,3429 1363,3432 1344,3452 1301,3452 1282,3432 1263,3452 1228,3436 1140,3452 1125,3436 1052,3448 983,3429 806,3429 779,3452 683,3452 637,3432 599,3448"/>
        <Baseline points="596,3429 702,3428 809,3428 915,3428 1022,3428 1129,3428 1235,3428 1342,3428 1449,3428 1555,3428 1662,3428 1769,3429 1875,3429 1982,3429 2089,3428 2195,3428 2302,3428 2409,3426 2515,3425 2622,3424 2729,3422"/>
        <TextEquiv>
          <Unicode>par la dame Lédouard pour leur compe et d&#39;après leurs ordres </Unicode>
        </TextEquiv>
      </TextLine>

    
    
      <TextLine id="r2l33" >
        <Coords points="583,3532 587,3482 637,3444 672,3444 714,3482 748,3482 814,3444 1040,3444 1109,3482 1240,3479 1274,3452 1317,3471 1351,3455 1386,3479 1424,3459 1443,3475 1478,3459 1509,3471 1539,3448 1562,3471 1601,3455 1666,3475 1751,3475 1766,3459 1797,3475 1904,3475 1962,3436 2065,3440 2104,3475 2142,3440 2184,3432 2215,3452 2319,3432 2357,3471 2392,3440 2442,3471 2519,3471 2542,3448 2568,3459 2611,3440 2641,3459 2714,3432 2730,3517 2722,3540 2653,3528 2588,3544 2553,3528 2488,3551 2426,3532 2365,3551 2338,3528 2277,3548 2204,3540 2184,3555 2123,3536 1939,3536 1919,3551 1900,3536 1854,3555 1831,3532 1731,3532 1704,3555 1651,3559 1559,3559 1516,3536 1416,3536 1393,3559 1332,3559 1313,3540 1274,3559 1244,3548 1102,3563 898,3563 863,3540 591,3551"/>
        <Baseline points="584,3533 691,3533 798,3531 906,3531 1013,3530 1121,3530 1228,3530 1336,3530 1443,3530 1551,3530 1658,3530 1765,3530 1873,3528 1980,3528 2088,3528 2195,3528 2303,3527 2410,3525 2518,3525 2625,3524 2733,3521"/>
        <TextEquiv>
          <Unicode>plus telle indemnité qu&#39;il plaira au Conseil fixer pour la perte </Unicode>
        </TextEquiv>
      </TextLine>

    
    
      <TextLine id="r2l34" >
        <Coords points="606,3628 610,3571 633,3551 664,3578 695,3555 756,3555 810,3582 825,3567 844,3582 952,3582 1017,3551 1228,3582 1301,3551 1359,3578 1424,3548 1509,3548 1528,3567 1559,3555 1582,3578 1708,3578 1747,3563 1850,3578 1873,3559 1900,3578 2000,3578 2039,3548 2069,3559 2088,3544 2238,3575 2361,3575 2392,3559 2434,3575 2492,3544 2584,3544 2599,3559 2664,3544 2711,3571 2722,3617 2688,3644 2645,3632 2622,3647 2603,3632 2584,3651 2561,3632 2472,3647 2361,3632 2342,3651 2096,3632 2031,3655 1958,3640 1904,3655 1858,3636 1774,3655 1582,3636 1528,3655 1509,3636 1432,3636 1386,3655 1355,3640 1320,3659 1217,3659 1201,3644 1152,3659 1075,3659 1059,3644 906,3659 844,3640 802,3655 718,3640 691,3659 610,3659"/>
        <Baseline points="609,3632 714,3632 820,3632 926,3632 1032,3632 1137,3632 1243,3632 1349,3632 1455,3632 1560,3632 1666,3632 1772,3630 1878,3630 1983,3629 2089,3629 2195,3627 2301,3626 2406,3624 2512,3623 2618,3621 2724,3618"/>
        <TextEquiv>
          <Unicode>de temp qu&#39;ils leur ont fait éprouver en ne comparaissant pas </Unicode>
        </TextEquiv>
      </TextLine>

    
    
      <TextLine id="r2l35" >
        <Coords points="595,3728 599,3659 622,3671 645,3651 679,3671 748,3651 771,3674 825,3651 956,3659 971,3674 1009,3655 1056,3686 1224,3659 1244,3678 1271,3663 1301,3686 1347,3647 1382,3663 1401,3647 1489,3647 1516,3671 1574,3663 1593,3682 1655,3647 1678,3667 1720,3651 1774,3682 1831,3682 1885,3647 1943,3682 2165,3682 2231,3667 2353,3678 2392,3640 2542,3640 2592,3667 2626,3644 2699,3636 2714,3713 2695,3732 2645,3728 2611,3755 2576,3736 2507,3755 2415,3728 2380,3755 2173,3736 2135,3759 2092,3732 2069,3751 1954,3740 1919,3767 1843,3767 1816,3740 1762,3759 1727,3743 1704,3767 1658,3751 1643,3767 1624,3755 1551,3770 1459,3743 1382,3759 1309,3736 1217,3736 1171,3770 1117,3774 929,3774 883,3740 821,3755 787,3740 748,3774 698,3740 599,3740"/>
        <Baseline points="596,3729 702,3729 808,3731 914,3731 1020,3731 1126,3731 1232,3731 1338,3732 1444,3732 1550,3732 1656,3732 1762,3731 1868,3731 1974,3731 2080,3729 2186,3728 2292,3726 2398,3725 2504,3722 2610,3719 2717,3716"/>
        <TextEquiv>
          <Unicode>devant les Bureaux du Conseil et les dépens. Point de droit — </Unicode>
        </TextEquiv>
      </TextLine>

    
    
      <TextLine id="r2l36" >
        <Coords points="556,3824 560,3747 687,3747 764,3782 833,3747 879,3755 906,3782 1155,3782 1236,3747 1317,3747 1347,3778 1482,3747 1516,3774 1562,3763 1582,3778 1658,3751 1697,3782 1731,3747 1812,3747 1858,3782 1889,3763 1962,3782 1996,3755 2058,3747 2092,3782 2135,3778 2169,3747 2254,3747 2284,3778 2304,3759 2327,3774 2357,3759 2380,3782 2480,3759 2503,3782 2534,3782 2565,3755 2618,3751 2649,3782 2722,3782 2737,3824 2718,3843 2672,3832 2611,3859 2572,3836 2545,3855 2522,3832 2426,3832 2384,3851 2357,3836 2304,3859 2273,3836 2250,3851 2154,3836 2112,3855 2081,3836 1900,3836 1866,3863 1827,3832 1739,3863 1701,3832 1631,3851 1570,3832 1436,3836 1405,3866 1324,3866 1301,3851 1271,3863 1236,3843 1198,3866 1006,3866 906,3836 867,3851 744,3836 683,3866 560,3855"/>
        <Baseline points="560,3827 674,3828 789,3830 904,3833 1018,3833 1133,3834 1248,3834 1362,3834 1477,3834 1592,3834 1706,3834 1821,3833 1936,3833 2050,3831 2165,3830 2280,3830 2394,3828 2509,3827 2624,3827 2739,3825"/>
        <TextEquiv>
          <Unicode>Doit on donner défaut Contre les époux Trouille non comparants </Unicode>
        </TextEquiv>
      </TextLine>

    
    
      <TextLine id="r2l37" >
        <Coords points="602,3935 606,3886 672,3889 695,3866 756,3866 787,3897 887,3897 940,3870 1025,3863 1071,3893 1171,3893 1205,3863 1267,3863 1294,3889 1393,3878 1451,3893 1789,3889 1858,3863 1927,3886 2035,3870 2069,3886 2100,3855 2135,3870 2173,3855 2284,3870 2315,3851 2415,3851 2434,3866 2461,3851 2584,3851 2638,3882 2668,3855 2714,3851 2726,3916 2714,3935 2657,3935 2607,3962 2568,3928 2507,3951 2484,3928 2415,3928 2400,3943 2346,3928 2269,3970 2227,3939 2169,3970 2031,3939 1973,3970 1885,3974 1747,3974 1727,3955 1689,3974 1570,3974 1539,3947 1470,3962 1432,3939 1340,3962 1271,3939 1240,3955 1209,3939 1136,3955 1079,3939 860,3943 844,3959 821,3943 787,3970 748,3978 710,3959 687,3982 652,3978 625,3951 606,3959"/>
        <Baseline points="606,3936 712,3935 818,3935 924,3935 1030,3935 1136,3933 1242,3933 1349,3933 1455,3933 1561,3933 1667,3933 1773,3933 1879,3933 1985,3932 2092,3932 2198,3930 2304,3929 2410,3927 2516,3926 2622,3923 2729,3920"/>
        <TextEquiv>
          <Unicode>ni personne pour eux quoique dument appelés et pour le profit </Unicode>
        </TextEquiv>
      </TextLine>

    
    
      <TextLine id="r2l38" >
        <Coords points="568,4035 572,3974 602,3962 633,3993 675,3978 737,4001 775,3978 825,4001 879,3959 1029,3955 1063,3970 1079,3955 1159,3955 1198,3985 1236,3955 1282,3951 1324,3989 1386,3951 1470,3966 1539,3951 1612,3989 1674,3962 1704,3962 1731,3989 1996,3989 2092,3974 2127,3985 2215,3943 2269,3970 2361,3939 2407,3955 2461,3939 2503,3982 2649,3982 2691,3943 2722,4012 2691,4047 2638,4031 2599,4047 2568,4031 2534,4047 2499,4031 2415,4031 2396,4047 2292,4035 2277,4051 2004,4035 1943,4055 1843,4055 1820,4039 1704,4055 1674,4039 1608,4058 1286,4043 1240,4062 1056,4047 921,4066 902,4051 756,4066 572,4051"/>
        <Baseline points="570,4038 677,4038 785,4037 893,4037 1000,4037 1108,4037 1216,4036 1323,4035 1431,4035 1539,4035 1647,4034 1754,4034 1862,4032 1970,4032 2077,4031 2185,4028 2293,4026 2400,4023 2508,4020 2616,4017 2724,4013"/>
        <TextEquiv>
          <Unicode>adjuger aux démandeurs les conclusions par eux précédemment </Unicode>
        </TextEquiv>
      </TextLine>

    
    
      <TextLine id="r2l39" >
        <Coords points="568,4139 572,4085 629,4085 668,4055 702,4055 725,4078 798,4055 825,4081 871,4051 906,4051 925,4070 1090,4055 1175,4081 1198,4062 1217,4078 1297,4078 1378,4047 1455,4078 1524,4055 1643,4074 1662,4055 1743,4066 1831,4039 1858,4066 1927,4066 1954,4039 2065,4039 2096,4055 2169,4035 2204,4055 2246,4043 2269,4066 2403,4066 2492,4031 2553,4055 2572,4043 2588,4058 2680,4062 2714,4028 2734,4112 2672,4151 2584,4151 2557,4124 2515,4143 2457,4124 2403,4154 2361,4128 2261,4154 2223,4131 2154,4128 2077,4139 2058,4158 1981,4139 1900,4154 1850,4135 1793,4162 1751,4143 1555,4139 1505,4143 1486,4166 1228,4162 1209,4143 1025,4166 1002,4147 983,4158 875,4143 825,4166 798,4151 718,4170 656,4147 576,4174"/>
        <Baseline points="569,4143 677,4142 785,4140 894,4140 1002,4139 1110,4139 1219,4137 1327,4136 1435,4136 1544,4134 1652,4133 1760,4133 1869,4131 1977,4130 2085,4128 2194,4127 2302,4125 2410,4122 2519,4121 2627,4118 2736,4115"/>
        <TextEquiv>
          <Unicode>prises ? Que doit- il être statué à l&#39;égard des dépends ? Après </Unicode>
        </TextEquiv>
      </TextLine>

    
    
      <TextLine id="r2l40" >
        <Coords points="579,4235 583,4177 602,4170 698,4197 741,4158 794,4185 860,4158 994,4154 1013,4170 1094,4154 1121,4177 1144,4158 1248,4158 1294,4193 1420,4189 1463,4154 1489,4166 1547,4151 1608,4151 1655,4189 1735,4147 1781,4170 1816,4147 1881,4147 1931,4185 1962,4185 2008,4151 2054,4181 2380,4181 2407,4162 2572,4139 2649,4174 2703,4174 2722,4154 2734,4212 2714,4235 2649,4243 2511,4231 2334,4250 2031,4235 1958,4254 1727,4254 1693,4239 1639,4258 1459,4258 1443,4243 1382,4258 1328,4243 1278,4262 1217,4262 1201,4247 936,4266 875,4250 825,4266 583,4254"/>
        <Baseline points="581,4239 688,4241 796,4239 904,4239 1012,4239 1119,4239 1227,4238 1335,4238 1443,4236 1550,4235 1658,4235 1766,4233 1874,4232 1981,4230 2089,4228 2197,4226 2305,4224 2412,4221 2520,4220 2628,4217 2736,4214"/>
        <TextEquiv>
          <Unicode>avoir entendu les époux Lédouard en leurs demandes et conclusions </Unicode>
        </TextEquiv>
      </TextLine>

    
    
      <TextLine id="r2l41" >
        <Coords points="576,4346 579,4289 652,4273 675,4289 844,4273 971,4285 1021,4254 1102,4273 1163,4254 1248,4270 1324,4250 1355,4273 1397,4250 1451,4273 1512,4273 1559,4250 1593,4273 1631,4273 1651,4258 1724,4270 1751,4243 1781,4258 1935,4243 1966,4266 2004,4243 2081,4235 2250,4258 2269,4243 2315,4258 2415,4258 2438,4243 2457,4258 2519,4227 2649,4247 2711,4227 2734,4308 2726,4373 2684,4343 2630,4362 2607,4339 2557,4339 2511,4369 2388,4343 2257,4392 2073,4396 2027,4354 1962,4350 1912,4396 1870,4400 1816,4400 1751,4358 1655,4404 1574,4389 1478,4404 1413,4362 1367,4362 1324,4408 1221,4408 1175,4366 1113,4396 1044,4366 1002,4400 956,4377 933,4404 883,4369 802,4369 787,4385 721,4373 706,4392 675,4373 625,4373 583,4404"/>
        <Baseline points="579,4350 686,4349 794,4347 902,4346 1010,4346 1118,4344 1226,4344 1333,4343 1441,4343 1549,4343 1657,4341 1765,4341 1873,4340 1981,4338 2088,4335 2196,4332 2304,4329 2412,4326 2520,4322 2628,4316 2736,4310"/>
        <TextEquiv>
          <Unicode>et en avoir délibéré Conformément à la loi ; Attendu que la demande </Unicode>
        </TextEquiv>
      </TextLine>

    
    </TextRegion>
    
  </Page>
</PcGts>
