3072 4608
721 345 2741 464 neuf Juin mil huit Cent Cinquante huit pour se Concilier s'y faire se
706 403 2726 549 pouvait sur la demande qu'elle entendait former contre eux devant le dit
714 491 2741 645 Conseil en paiement de la somme de quatre Cent ving huit francs qu'ils
725 576 2764 733 lui doivent pour prix de la nourriture et des leçons données aux apprenties
706 675 2757 817 et en éxécution de Conventions verbales d'apprentissage. A l'appel
729 771 2737 910 de la cause, le Mercredi neuf Juin la demoiselle Laflesselle se présenta
706 856 2768 998 et exposa au Conseil que suivant conventions verbales intervenues entr'elle
718 944 2718 1094 et la demoiselle Caron et le sieur Lequine elle à consenti à recevoir
698 1048 2768 1186 chez elle les mineures Ernestine et Zoé Caron comme apprenties fleuristes
721 1148 2776 1267 s'engageant à les nourir coucher et blanchir pendant toute la durée
710 1236 2711 1355 de l'apprentissage qui était fixée à deux années à partir du huit avril
698 1324 2764 1451 mil huit Cent Cinquante sept ; Que de leur coté, la demoiselle Caron
706 1424 2753 1536 et le sieur Laquine se sont engagés à lui payer la somme de soixante
687 1509 2711 1631 francs par mois pour la nourriture des dites apprenties et celle de
706 1608 2749 1731 quinze francs, aussi par mois, pour les leçons d'écriture et de lecture
698 1704 2753 1820 qu'ils devaient recevoir chez elle ; Que les défendeurs ayant laissé
714 1804 2784 1904 plusieurs mois s'écouler sans payer lui doivent la somme de quatre
706 1889 2776 2000 Cent vingt huit francs et retirent les apprenties sans s'acquitter envers
714 1981 2784 2100 elle ; De son coté la demoiselle Caron se présenta et exposa au Conseil
718 2088 2784 2188 que la demoiselle Laflesselle s'est engagée à donner des leçons de
721 2177 2768 2277 lecture et d'écriture à ses filles ; que l'ayant jamais rempli cette
725 2269 2780 2373 Condition de l'apprentissage pour laquelle elle se fesait payer elle a
718 2365 2795 2465 cru être en droit de retirer ses filles et de se refuser au paiement de la
733 2461 2795 2565 somme de quatre Cent vingt huit francs qu'elle ne devrait que si
721 2557 2810 2672 les conditrons de l'apprentissage avaient été remplies. Lequine ne
737 2649 2826 2749 Comparant pas. Les parties n'ayant pu être Conciliées la cause fut renvoyée
710 2734 2772 2849 devant le Bureau Général dudit Conseil séant le vendredi onze Juin
706 2822 2837 2945 mil huit Cent Cinquante huit. Cités pour le dit jour onze Juin Lequine
725 2906 2833 3045 ne Comparut pas et la demoiselle Caron Comparut. A l'appel de
702 3010 2837 3137 la cause la demoiselle Laflesselle se présenta et conclut à ce qu'il plut
710 3091 2822 3240 au Bureau Général dudit Conseil Condamner la demoiselle Caron
702 3187 2822 3336 et Lequine solidairement à lui payer avec intérêts suivant la loi de
691 3294 2837 3432 somme de quatre cent Vingt huit francs qu'ils lui doivent pour prix
718 3390 2807 3528 de la nourriture et de l'instruction données aux mineures Ernestine
710 3482 2799 3632 et Zoé Caron pendant leur séjour dans ses ateliers ; Dire et ordonner
710 3571 2853 3713 que dans le jour du jugement à intervenir les mineures Ernestine et
741 3655 2845 3816 Zoé Caron seront tenues de rentrer dans ses ateliers pour y continuer
737 3755 2841 3912 leur apprentissage dans les conditions établies par les conventions
721 3851 2841 4001 verbales en date du huit avril mil huit Cent Cinquante sept, sinon
725 3947 2803 4112 et faute par elles de ce faire et par la demoiselle Caron, leur mère,
725 4062 2849 4250 et par Léquine de les y contraindre Condamner dès à présent la
