4608 3072
2245 622 2984 773 Du jour huit Janvier
1728 727 3601 826 Entre Monsieur Pierre Lebec, homme de peine,
1728 803 3742 924 demeurant à Montmartre près Paris, rue Cholasé,
1730 911 3729 1008 numéro seize ; Demandeur ; Comparant ; D’une part ;
1689 1000 3732 1111 Et monsieur Gérin, fabricant passementier, demeurant
1704 1100 3760 1208 et domicilié à Montmartre,  rue du Château des Brouillards,
1704 1200 3735 1292 numéro treize ; Défendeur ; Défaillant ; D’autre part ;
1722 1295 3750 1384 Point de fait – Par lettre du secrétaire du Conseil de Prud’homme
1717 1377 3699 1482 du Département de la Seine pour l’industrie des tissus, en date,
1712 1482 3683 1579 à Paris, des samedi dix neuf et lundi vingt un
1710 1564 3747 1674 Décembre mil huit cent cinquante sept Lebec fit citer
1730 1661 3752 1776 Gérin à Comparaitre par devant le dit Conseil de Prud’hommes
1707 1758 3765 1868 séant en Bureau Particulier les Lundi vingt un et mardi
1707 1848 3742 1963 vingt deux Décembre mil huit cent cinquante sept pour se
1704 1932 3755 2063 concilier si faire se pouvait sur la demande qu’il entendait
1735 2024 3750 2163 former contre lui devant le dit Conseil en paiement de la
1738 2117 3699 2255 somme de trente huit francs qu’il lui doit pour prix
1720 2214 3735 2355 de travaux par lui faits pour son compte et d’après ses
1704 2309 3737 2442 ordres. Gérin n’ayant pas comparu la cause fut renvoyé
1717 2383 3745 2557 devant le Bureau Général du dit Conseil séant le
1722 2508 3768 2688 jeudi vingt quatre Décembre mil huit cent cinquante
