3072 4608
641 165 2764 364 Mardi premier et Mercredi deux juin mil huit Cent Cinquante
614 234 2730 456 huit pour se concilier si faire se pouvait sur la demande qu'il
618 341 2741 541 entendait former contre elle devant le dit Conseil en paiement de
606 418 2772 641 la somme de neuf francs qu'il lui doit pour salaire de sa fille.
610 522 2703 737 La Demoiselle Pernelle n'ayant pas comparu la cause fut
610 629 2776 829 renvoyée devant le Bureau Géréral dudit Conseil séant le Vendredi
610 725 2737 921 quatre juin mil huit cent Cinquante huit et ajournée au
614 817 2737 1017 Vendredi onze juin, même mois. Citée à Comparaître ledit
629 925 2749 1125 jour onze juin par exploit de Potin, huissier à Paris en
602 1017 2737 1221 date du sept Juin mil huit Cent Cinquante huit Visé pour
576 1102 2787 1324 timbre et Enregistré à Paris le huit juin mil huit Cent Cinquante
556 1209 2649 1413 huit, en débet de soixante dix centimes, folio trente Cinq
583 1324 2784 1512 Case trois, signé : L. Drevau la demoiselle Pernelle ne comparant
579 1413 2753 1608 pas. A l'appel de la cause Marjolet se présenta et conclut à ce
579 1536 2714 1712 qu'il plus au Bureau Général dudit Conseil donner défaut
587 1635 2772 1812 contre la demoiselle Pernelle non comparante ni personne pour
568 1747 2714 1916 elle quoique dument appelée et pour le profit la condamner à lui
564 1835 2791 2012 payer avec intérêts suivant la loi la somme de neuf francs qu'elle
572 1939 2753 2108 lui doit pour prix de travaux faits pas sa fille Marie Louise
579 2046 2757 2204 pour son compte, d'après ses ordres et dans ses ateliers, plus
556 2150 2764 2311 une indemnité pour le préjudice de perte de temps qu'elle lui a fait
556 2265 2741 2403 éprouver en ne comparaissant pas devant les Bureaux du Conseil
545 2350 2757 2507 et les dépens. Point de droit — Doit-on donner défaut
529 2457 2768 2599 contre la demoiselle Pernelle non comparante ni personne pour
545 2545 2791 2711 elle quoique dument appelée et pour le profit adjuger au demandeur
514 2657 2772 2799 les conclusions par lui précédemment prises ? Que doit-il être statué
537 2757 2760 2903 à l'égard des dépens ? Après avoir entendu Marjolet en ses demandes
541 2864 2753 3010 et conclusions et en avoir délibéré conformément à la loi, attendu
533 2976 2737 3114 que la demande de Marjolet parait juste et fondée, que
529 3072 2749 3217 D'ailleurs elle n'est pas contestée par la demoiselle Pernelle
518 3179 2760 3336 non comparante ni personne pour elle quoique dument appelée
533 3279 2753 3413 attendu qu'en ne comparaissant pas devant les Bureaux du Conseil
514 3371 2753 3517 la demoiselle Pernelle a causé à Marjolet un préjudice de
526 3475 2764 3624 perte de temps, ce qu'elle doit réparer ; Par ces motifs le Bureau
537 3586 2741 3720 Général jugeant en dernier ressort Donne défaut contre la
541 3686 2780 3832 demoiselle Pernelle non Comparante ni personne pour elle quoique
526 3790 2741 3932 dument appelée ; Et adjugeant le profit dudit défaut condamne
514 3889 2784 4024 la demoiselle Pernelle payer avec intérêts suivant la loi à Marjolet
499 3985 2730 4124 la somme de neuf francs qu'elle lui doit pour prix de travaux de
495 4085 2730 4224 la mineure Marie Louise Marjolet, plus une indemnité de
506 4197 2615 4369 quatre francs cinquante centimes pour temps perdu . La
