4608 3072
1507 486 3814 586 a somme qui lui revient à ce titre ; attendu que la somme de vingt
1492 570 3832 688 quatre francs pour le prix de quatre journées n’est pas contesté ; attendu
1520 668 3834 793 que  dans l’espèce il y a bien d’accorder délais à Borne pour payer la somme
1520 760 3834 901 totale de ces deux sommes. Par ces motif - Le Bureau Général jugeant
1441 872 3806 985 en dernier ressort -  Condamne Borne à payer à Boyer la
1495 985 3804 1080 somme de soixante quatorze francs, se composant de celle de
1507 1088 3819 1192 cinquante francs pour le prix d’apprentissage, et de celle de
1518 1198 3804 1290 vingt quatre francs pour quatre journées de travail  à raison de
1515 1292 3842 1402 six francs ; Fixé le paiement de cette somme au cinq février
1502 1400 3840 1510 mil huit cent cinquante huit ; Déboute Boyer du surplus de sa
1500 1518 3852 1615 demande ; Condamner Borne aux dépens taxés et liquidés envers le
1492 1623 3870 1725 demandeur à la somme de soixante centimes, et à celle de un francien vers le
1492 1725 3875 1843 Trésor Public, pour le papier timbré de la présente minute, conformément à la
1484 1838 3893 1963 loi du sept aout mil huit cent cinquante, ence, non compris le cout du présent
1505 1945 3868 2094 jugement, la signification  d’celui et ses suites. Ainsi jugé les jour, mois
1492 2068 2060 2237 et an que dessus.
