3072 4608
614 426 2607 541 D'autre part ; Point de fait — Par lettres du secrétaire du
614 476 2657 637 Conseil de Prud'hommes du Département de la Seine pour l'industrie
625 568 2615 714 des Tissus en dates des Samedi Cinq et Lundi sept Juin mil
614 652 2657 806 huit cent Cinquante huit Weltzer et Quivriez firent citer Ritaud,
622 744 2653 894 Fleury et Compagnie à comparaître par devant le dit Conseil de
618 829 2626 990 Prud'hommes séant en Bureaux Particuliers les Lundi sept et
622 925 2611 1071 Mercredi neuf Juin mil huit cent Cinquante huit pour se
629 1021 2611 1155 concilier si faire se pouvait sur la demande qu'ils entendaient
606 1109 2653 1248 former contre eux devant le dit conseil en paiement de la somme
637 1194 2676 1344 de quatre francs, à chacun, qu'ils leur doivent pour prix de travaux
618 1294 2630 1428 par eux faits pour leur compte et dans leurs ateliers et en restitution
641 1378 2645 1520 de leur livret qu'ils se sont refusés à leur remettre. Les défendeurs
610 1474 2649 1605 n'ayant pas comparu la cause fut renvoyée devant le Bureau
622 1566 2618 1697 Général dudit Conseil séant le vendredi onze Juin mil huit
618 1658 2657 1785 Cent Cinquante huit. Ritaud fleury et compagnie n'ayant
602 1751 2672 1881 pas comparu ledit jour onze Juin sur la lettre du secrétaire du
614 1843 2680 1973 Conseil en date du Mercredi neuf Juin mil huit cent cinquante
587 1931 2645 2062 huit le Président du Conseil ajourna la cause au Vendredi
599 2031 2653 2154 dix huit Juin et autorisa les demandeurs à les faire citer par
599 2123 2645 2242 huissier . Par exploit de Potin, huissier à Paris, en date du
618 2227 2672 2334 quatorze Juin mil huit cent cinquante huit visé pour timbre
606 2315 2661 2430 et enregistré à Paris, le quinze Juin mil huit cent Cinquante
599 2407 2630 2519 huit, en débet de soixante dix centimes, folio quarante cinq, case
587 2492 2661 2615 Cinq, signé : L. Drevon les demandeurs firent citer les défendeurs
591 2595 2645 2707 à comparaître devant le Bureau Général du dit Conseil séant
599 2695 2645 2795 le Vendredi dix huit Juin mil huit cent Cinquante huit
587 2784 2653 2887 pour s'entendre condamner à leur payer à chacun la somme de
583 2880 2611 2987 quatre francs qu'ils leur doivent solidairement pour salaire ;
610 2976 2626 3075 Ouïr dire et ordonner que dans le jour du jugement à intervenir
614 3052 2688 3175 ils seront tenus de signer et rendre leur livret qu'ils retiennent indument
591 3164 2599 3256 sinon qu'ils seront condamnés solidairement à leur payer à
583 3252 2611 3352 Chacun la somme de deux francs par chaque jour de retard
599 3336 2641 3452 qu'ils apporteront à effectuer cette remise ; s'entendre, dans tous
595 3440 2691 3551 les cas, et toujours solidairement, condamner à payer à chacun
599 3532 2672 3644 d'eux la somme de vingt francs pour le préjudice qu'ils leur ont causé
599 3617 2680 3740 à ce jour par la retenue de leur livret s'entendre en outre condamner
610 3713 2695 3832 aux dépens. A l'appel de la cause Weltzer et quivriez se présentèrent
595 3809 2645 3912 et exposèrent au Conseil qu'étant entrés pour travailler dans les
610 3901 2672 4012 ateliers des défendeurs, l'un à qualité d'ouvrier fileur et l'autre
610 4001 2699 4128 de rattacheur, il n'y restèrent que deux jours après lesquels, trouvant
602 4101 2649 4262 le métier trop court pour eux, ils demandèrent ce qui leur était du et
