4608 3072
1989 570 2803 647 Du dit jour cinq Février
1369 629 3550 760 Entre Madame Françoise Émilie Billot, ouvrière, épouse
1361 732 3520 860 assistée et autorisée du sieur Noël Nicolas Couvreur, et le dit sieur
1356 839 3545 972 demeurant ensemble à Montmartre, rue Véron , numéro dix sept  ;
1328 921 3535 1067 Demandeurs ; Comparant ; D’une part ; Monsieur et Madame
1354 1031 3537 1162 Balles, le dit sieur Balles tant en son nom personnel que pour
1338 1141 3550 1269 assister et autoriser la dame son épouse, blanchisseuse de linge,
1336 1249 3560 1364 demeurant et domiciliés ensemble à la Chapelle Saint Denis,
1320 1359 3563 1474 rue des poissonniers, numéro vingt ; Défendeur ; Défaillant ;
1303 1459 3573 1582 D’autre part ; Point de fait - Par lettre du secrétaire du Conseil
1323 1571 3584 1681 de Prud’hommes du Département de la Seine pour l’industrie des
1328 1681 3584 1789 tissus établit à Paris, la dite lettre en date des Lundi premier février
1336 1794 3596 1899 mil huit cent cinquante huit les époux Couvreur firent citer les époux
1354 1912 3594 2009 Balles à comparaître pardevant le dit conseil pour se concilier si faire se
1318 2022 3601 2119 pouvait sur la demande qu’ils entendaient former contre eux devant le dit
1310 2127 3601 2242 Conseil en paiement de la somme de dix francs pour prix de travaux
1313 2247 3632 2360 faits par la dame Couvreur pour leur compte et d’après les ordres de
1336 2350 3627 2470 la dame Balles. A l’appel de la cause les époux Couvreur se présentèrent
1320 2457 3635 2577 et exposèrent comme dessus. De son coté la dame Balles se présent
1303 2577 3632 2698 et exposa au Conseil qu’à la vérité elle été débitrice de la dame Couvreur
1297 2690 3627 2816 de la somme de dix francs pour son travail mais que la dite dame
1292 2808 3642 2931 Couvreur lui avait perdu une chemise du pris de six francs et un
619 1927 1292 2022 séant en Bureaux
568 2007 1274 2099 Particuliers le mercredi
588 2081 1256 2186 trois février mil huit cent cinquante huit
604 2152 1254 2260 cent cinquante huit
655 2227 1205 2437 renvoi approuvé
