4608 3072
1320 389 3596 545 attendu que la chemise a été rendue invendable par la demoiselle
1310 440 3589 650 qui l’a salie en la confectionnant ; Par ces motif et attendu que
1320 542 3604 750 la chemise est à sa disposition pour le prix  qu’il lui a été vendue dire
1318 647 3622 842 la demoiselle Marghen non recevable en sa demande et la condamner
1326 765 3614 949 aux dépens. Pont de doit - Devait-on condamner la veuve Montré
1336 855 3614 1054 à payer à la demoiselle Marghen la somme de six francs soixante
1338 944 3622 1154 quinze centimes pour la façon d’une chemise ? Ou bien devait-on dire
1346 1059 3624 1256 que la chemise dont la demoiselle Marche réclame la façon lui ayant
1336 1154 3614 1367 été vendue par la défenderesse il n’y a lieu à lui en payer la façon ;
1351 1277 3650 1466 En conséquence la déclarer non recevable en ses demandes ?  Que devait-
1328 1364 3660 1579 il être statué à l’égard des dépens ?  Après avoir entendu les parties en leurs
1344 1489 3673 1684 demandes et conclusions respectivement et en avoir délibéré conformément
1364 1589 3640 1786 à la loi ; attendu qu’il est constant que la demoiselle Marghen qui
1372 1697 3665 1904 depuis un certain laps de temps travaille pour la veuve Montré  lui a
1361 1807 3663 2007 commandé une chemise, ; mais attendu que résulte des explications
1364 1920 3650 2112 des parties que cette chemise à été par la veuve Montré coupé trop
1356 2040 3694 2234 étroite dans toutes ses parties, qu’il s’en suit que la demoiselle s’en est
1336 2142 3688 2329 vue forcée de la lui rendre et d’en réclamer la façon ; attendu que
1364 2252 3696 2439 la chemise n’ayant pu être acceptée par le fait de la veuve Montré
1359 2360 3724 2544 c’est à tors qu’elle refuse d’en payer le prix de façon ; attendu qu’en
1379 2467 3706 2672 ne comparaissant pas devant les Bureaux Particuliers du Conseil la
1384 2567 3714 2757 veuve Montré à fait perdre du temps à la demoiselle ; qu’elle doit
1382 2695 3535 2874 l’indemniser de cette perte ; Par ces motifs - le Bureau Général
1423 2772 3673 3013 jugement en dernier ressort - Condamne la veuve Montré à payer
