4608 3072
1459 908 3691 1031 minute, conformément à la loi du sept aout mil huit cent cinquante,
1461 1016 3673 1111 ence, non compris le cout du présente jugement, la signification d’icelui
1443 1093 3653 1223 et ses suites. Et vu les articles 435 du code de procédure civile,
1461 1208 3619 1326 27 et 42 du secret du onze juin 1809 pour signifier au défendeur le
1456 1310 3607 1410 présent jugement, commet Potin, l’un de ses huissiers audienciers.
1448 1410 2731 1561 Ainsi jugé les jour moi et ans que dessus.
2191 2206 2880 2337 Du dit jour cinq Février
1408 2304 3660 2429 Entre Mademoiselle Marie Flamand, ouvrière blanchisseuse,
1436 2419 3632 2524 demeurant et domiciliée à Paris, rue des moineaux, numéro trois ;
1431 2519 3709 2641 Demanderesse ; Comparant ; D’une part ; Et Madame veuve
1694 2629 3719 2752 Voyon, blanchisseuse de linge, demeurant et domiciliée
1438 2721 3763 2854 à Paris, rue Jeamisson, numéro quatre ; Défenderesse ; Défaillent ;
1425 2821 3755 3002 D’autre part ; Point de fait - Par lettre du secrétaire du Conseil
