4608 3072
2216 488 3066 573 Du dit jour vingt deux Janvier
1600 535 3640 673 Entre Mademoiselle Marie Maitre, demeurant à Paris, rue des
1576 642 3663 765 Bourguignons, numéro vingt neuf, agissant eu nom et comme chargé
1584 729 3671 857 de l’administration, des biens et de la personne de sa fille Marguerite
1579 811 3658 954 Maitre, apprentie ; Demanderesse ; Comparant ; D’une part ; Et
1584 911 3671 1039 Monsieur et Madame Germain, demeurant et domiciliés à Paris,
1566 1018 3673 1134 rue Meslay, numéro cinquante cinq, le dit sieur Germain tant
1571 1100 3671 1236 en son nom personnel que pour assister et autoriser la dame son épouse
1502 1192 3648 1315 fabricante de fleurs artificielles ; Défendeurs ; Défaillants ; D’autre
1574 1287 3696 1415 part ; Point de fait - Par lettre du secrétaire du Conseil de Prud’homme
1574 1392 3691 1515 du Département de la Seine pour l’industrie des tissus  en date du
1571 1489 3696 1600 Lundi dix huit Janvier mil huit cent cinquante huit la demoiselle
1571 1584 3701 1697 Maitre fit citer les époux Germain à comparaître par devant le dit Conseil
1571 1679 3709 1799 de prud’hommes du Département de la Seine pour l'industrie du tissus
1564 1779 3706 1891 séant en Bureau Particulier le Mardi dix neuf Janvier mil huit
1543 1889 3706 1984 cent cinquante huit pour se concilier si faire se pouvait sur la demande
1561 1978 3688 2081 qu’elle entendait former contre eux devant le dit Conseil en exécution
1559 2076 3724 2186 de Convention verbale d’apprentissage. A l’appel de la cause la demoiselle
1571 2178 3706 2291 Maitre, ès nom qu’elle agit, se présenta et exposa au Conseil que
1559 2278 3688 2378 suivant convention verbale en date du premier octobre mil huit cent
1556 2378 3655 2478 cinquante six  elle a placé sa fille Marguerite en apprentissage chez
1538 2480 3694 2580 les époux Germain pour deux ans et demi à partir du premier
1561 2575 3712 2682 Septembre précédent à la charge par les dits époux de la nourrir et
1561 2685 3525 2780 coucher pendant toute la durée de l’apprentissage, que les époux
1559 2772 3704 2890 Germain la lui renvoyant avant l’expiration du temps fixé et
1600 2869 3706 2979 sans qu’elle sache complètement son état lui causant préjudice
