3072 4608
1455 337 2254 407 Du dit jour quinze Janvier
833 368 2949 510 Entre monsieur Claude françois Fortin, chef d’atelier, demeurant
802 472 2945 599 Et domicilié à Bagnolet près Paris, rue du Coq français, numéro
802 560 2918 706 huit ; Demandeur ; Comparant ; D’une part ; Et monsieur
817 660 2933 794 Jean Clavière, agissant au nom et comme chargé de l’administration,
794 756 2929 883 Des biens et de la persosnne de son fils mineur Louis Clavière appranti,
806 852 2918 975 Demeurant le dit sieur Clavière, rue des Pavillons, numéro vingt
794 936 2887 1067 A Belleville ; Défendeur ; D’éfaillant ; D’autre part ; Point
802 1029 2933 1163 De fait ) Par lettre du secrétaire du Conseil de Prud’hommes du
783 1125 2895 1259 Département de la Seine pour l’industrie des tissus, en date du
783 1228 2906 1355 Samedi neuf janvier mil huit cent cinquante huit Fortin fit citer
798 1324 2833 1451 Clavière ès nom qu’il agit, à comparaître pardevant le Conseil de
802 1413 2906 1555 Prud’hommes séant en bureaux particuliers le lundi onze janvier
791 1509 2899 1651 Mil huit cent cinquante huit pour se concilier si faire se pouvait
794 1605 2872 1739 Sur la demande qu’il entendait former contre lui devant le dit conseil
779 1704 2906 1835 En éxécution de convention verbale d’apprentissage consentie pour
779 1793 2918 1935 son fils  Louis en juillet il huit cent cinquant cinq. A l’appel
768 1889 2910 2035 de la cause Fortin se présenta et exposa au Conseil que suivant
779 1985 2899 2127 convention verbale en date de juillet mil huit cent cinquante cinq
779 2073 2906 2231 Clavière placa chez lui son fils louis, alors agé de neuf ans et demi
764 2177 2895 2315 en qualité d’apprenti ouvrier Chalier ; La durée de l’apprentissage
744 2269 2918 2426 était fixée jusqu’au jour ou l’apprenti arait atteint sa dix huitième
764 2373 2910 2522 année, à la charge par lui, Fortin de le nourrir, loger, blanchir,
771 2469 2891 2618 entretenir de tous vêtement et de lui faire faire sa première
744 2561 2860 2722 communion ; quel jour de l’an dernier l’ayant renvoyé
752 2668 2891 2814 remplir ses devoirs envers son père celui-ci le garda près de lui
760 2757 2887 2922 et se refusa à le lui renvoyer malgré les incistance qu’il fit
752 2856 2914 3018 à cet effet. De son coté Clavière ès qualité qu’il agit, se présenta
744 2960 2918 3118 et explosa au Conseil que, bien qu’il n’a pas contracté pour laisser
741 3052 2876 3210 son fils en qualité d’apprentissage jusqu’à l’âge de dix huit ans, il
748 3152 2883 3306 ne l'a pas gardé près de lui pour ne pas le renvoyer chez son patron
756 3252 2860 3409 mais pour lui donner des soins, l'enfant s'étant déclaré malade
744 3348 2872 3513 que l'ayant fait visiter pas un médecin celui-ci avait déclaré
744 3448 2903 3605 que l'état lui était nuisible ; que du reste il a beaucoup à reprocher
744 3544 2864 3701 à Fortin sur la manière dont il nourrit son fils. Interrogé par
733 3640 2891 3797 les membre composants le Bureau Particulier l'apprenti déclara se lever
741 3732 2880 3897 à six heure le matin en été, à sept heure en Iver, manger la soupe
737 3832 2849 3985 à onze heure le matin à dîner à quatre heures de l'après midi.
744 3924 2876 4081 Le bureau Particulier fut d'avis que Clavière devait faire rentrer son fils
733 4024 2849 4185 chef Fortin pour y continuer son apprentissage jusqu'à l'age de
725 4108 2864 4343 seize ans seulement, cette durée lui paraissant suffisente. Et engager
