4608 3072
1282 271 3632 386 Général jugeant en premier ressort ; Dit et ordonne que dans le jour
1233 371 3637 478 de la signification du présent jugement Levinslin sera tenu de
1223 473 3624 601 faire entrer sa fille Fanny dans les ateliers de la dame Chardon
1251 596 3632 732 pour y continuer son apprentissage, sinon et faute par lui de ce
1236 719 3642 832 faire dans le dit jour et icelui passé ; Condamne dès à présent
1228 832 3671 952 les Vingel Levinslin, ès nom et qualités qu'il agit, à payer
1236 949 3642 1057 avec intérêts suivant la loi aux époux Chardon la somme de Trente
1233 1072 3658 1172 francs à titre d'indemnité ; Le Condamne en outre aux dépens
1246 1177 3650 1285 taxés et liquidés envers les demandeurs à la somme de Trois francs
1221 1292 3645 1405 soixante seize centimes, et à celle de deux francs vingt Cinq Centime
1241 1397 3660 1523 envers le Trésor Public, pour le papier timbré de la présente minute
1251 1541 3653 1638 Conformément à la loi du sept août mil huit Cent Cinquante , ence
1246 1643 3650 1748 non Compris le cout du présent jugement, la signification d'icelui et
1246 1763 3619 1914 ses suites. Ainsi jugé les jour mois et an que dessus.
2014 2792 2816 2933 Du dit jour onze Juin
1272 2880 3578 3028 Entre Mademoiselle Amélie Laflesselle, fleuriste
