4608 3072
1359 163 3829 268 six, signés : L. Drevon, Vieille ne comparut pas. A l’appel
1374 250 3809 353 de la cause les époux Didier se présentèrent et conclurent à ce qu’il
1354 363 3822 458 plut au Bureau Général du dit Conseil donner défaut contre Vieille,
1379 488 3834 581 ès nom qu’il agit, non comparant ni personne pour lui quoique
1384 570 3852 696 dument appelé ; Et pour le profit attendu qu’il avait placé sa fille en
1397 706 3847 816 apprentissage chez eux pour trois années à partir du premier septembre
1369 808 3816 921 mil huit cent cinquante sept ; que depuis quelque temps, sans motifs
1369 919 3857 1026 plausible, Viéville à retiré sa fille et que malgré les nombreuses démarches
1364 1029 3783 1157 qu’ils ont faites ils n’ont pu parvenir à la faire réintégrer chez eux ;
1367 1144 3824 1280 Par ces motifs - Dire et ordonner que Viévillesera tenu de, dans
1402 1262 3840 1377 le jour du jugement à intervenir, faire rentrer sa fille dans leurs
1390 1372 3883 1510 ateliers pour u continuer son apprentissage, sinon résilier purement
1392 1489 3852 1612 et simplement la convention verbale d’apprentissage dont s’agit
1372 1600 3898 1730 et le condamner à leur payer avec intérêts suivant la loi la somme
1384 1707 3909 1850 de cinquante francs à titre de dommages-intérêts et le condamner
1397 1838 3840 1966 aux dépens ; Dire en outre que le jugement à intervenir sera
1390 1948 3883 2081 exécuté par provision, nonobstant appel et sans qu’il
1372 2055 3901 2193 soit besoin par eux de fournir caution, conformément à la loi du
1372 2152 3886 2314 premier juin mil huit cent cinquante trois. Point de droit –
1408 2301 3929 2426 Devait-on donner défaut contre Vieille non comparant ni personne
1379 2419 3901 2570 pour lui quoique dument appelé et pour le profit adjuger aux demandeurs
1415 2526 3911 2667 les conclusions par eux précédemment prises ? Que devait-il être
1397 2639 3929 2800 statué à l’égard des dépens ? Après avoir entendu les époux Didier
1408 2780 3891 2920 en leurs demandes et conclusions et en avoir délibéré conformément
1474 2887 3873 3025 à la loi ; attendu que la demande des époux Didier est juste et
