4608 3072
1479 404 3540 512 de l'objet qu'elle a confectionné, En conséquence la déclarer non
1466 473 3535 596 recevable en ses demandes ? Que doit il être statué à l'égard
1464 570 3520 691 des dépens ? Après avoir entendu les parties en leurs demandes
1461 663 3502 788 et Conclusions respectivement s'être fait représenté le vêtement
1451 750 3527 898 confectionné par la demoiselle Gillot et en avoir delibéré conformé
1456 862 3520 990 à la loi ; Attendu qu'il résulte des dires des parties que Baudin a
1451 960 3520 1082 donné un vêtement à Confectionner à la demoiselle Gillot au
1446 1067 3520 1185 prix convenue de dix huit francs ; Attendu qu'il résulte de
1472 1154 3532 1292 l'examen du dit vêtement par le conseil à ce connaissant qu
1456 1264 3522 1382 Baudin en impose à la vérité lorsqu'il déclare qu'il a été
1456 1346 3517 1482 forcé défaire défaire et refaire le vêtement dont s'agit ; que
1448 1456 3522 1582 le vêtement n'a jamais été retouché et qu'il est tel que la demoi
1451 1551 3537 1679 Gillot le lui a rendu ; Que le travail de la demoiselle Gillot étai
1454 1653 3522 1776 bien fait , le prix doit lui en être payé ; Par ces motifs — Le
1425 1753 3520 1873 Bureau Général jugeant en dernier ressort ; Condamn
1425 1858 3532 1978 Baudin à payer avec intérêts suivant la loi à la demoiselle
1487 1958 3527 2076 Gillot la somme de dix huit francs qu'il lui doit pour
1413 2055 3520 2173 travaux , Le condamne en outre aux dépens taxés et liquides
1420 2160 3520 2270 envers la demanderesse à la somme de un franc vingt centim
1431 2257 3514 2365 et à celle de soixante quinze centimes envers le Trésor Public p
1431 2360 3517 2462 le papier timbré de la présente minute, conformément à la loi
1433 2457 3527 2572 du sept août mil huit cent Cinquante, once, non compri
1418 2552 3509 2667 le coût du présent jugement ; la signification d'icelui et
1428 2647 3389 2808 ses suites. Ainsi jugé les jour mois et an que dessus.
