4608 3072
2129 453 3002 568 Du dit jour vingt neuf Janvier
1431 501 3694 663 Entre Mademoiselle Elisa Bailly, fille majeure, ouvrière,
1428 622 3640 765 demeurant à Paris, rue de la Boucherie, numéro vingt neuf
1397 704 3699 870 (gros laillon) ; Demanderesse ; Comparant ; D’une part ; Et
1425 811 3704 954 Monsieur Durand, tailleur d’habits, demeurant et domicilié
1402 911 3729 1062 à Paris, rue Réboutit, numéro huit ; Défendeur ; Défaillant ;
1402 1021 3732 1162 D’autre part ; Point de fait - Par lettre du secrétaire du Conseil de
1415 1146 3696 1269 Prud’hommes du Département de la Seine pour l’industrie
1397 1259 3727 1367 des tissus en date du Mardi vingt six  Janvier mil huit cent
1382 1356 3750 1469 cinquante huit la demoiselle Bailly fit citer Durand à comparaitre
1377 1479 3717 1571 par devant le dit Conseil séant en Bureau Particulier le mercredi
1402 1589 3745 1674 vingt sept Janvier mil huit cent cinquante huit pour se concilier
1402 1679 3745 1794 si faire se pouvait sur la demande qu’elle entendait forme contre
1392 1804 3719 1894 lui devant le dit Conseil en paiement de trente six francs
1387 1902 3755 2019 cinquante centimes qu’il lui doit pour prix de travaux par elle faits
1397 2017 3786 2132 pour son compte et d’après ses ordres. Durand n’ayant pas comparu
1390 2124 3814 2232 la cause fut renvoyé devant le Bureau Général du dit Conseil séant le
1408 2227 3814 2344 Vendredi vingt neuf Janvier mil huit cent cinquante huit. Cité pour le
1395 2332 3793 2460 dit jour vingt neuf janvier Durand ne comparut pas. A l’appel
1384 2449 3832 2572 de la cause la demoiselle Bailly se présenta et conclut à ce qu’il plus
1369 2560 3796 2690 au Bureau Général du dit Conseil donner défaut contre Durand
1354 2682 3832 2818 non comparant ni personne pour lui quoique dument appelé et pour l
1367 2767 3832 2946 e profit le condamner à lui payer avec intérêts suivant la loi le
1717 2900 3742 3048 somme de trente six francs cinquante centimes qu’il lui doit pour
