4608 3072
1164 99 3655 243 payer solidairement aux époux Viedenloecher la somme de cent cinquante
1152 174 3653 355 trois francs pour prix de travaux faits par la dame Viedenloecher pour
1152 307 3660 468 leur compte et sur leurs ordres ? Ou bien devait-on accorder aux défenderesses
1141 419 3668 570 termes et délais pour payer cette somme qu’elles reconnaissent devoir ?
1126 529 3665 691 Que devait-on statuer à l’égard des dépens ? Après avoir entendu les
1128 670 3678 793 parties en leurs demandes et conclusions respectivement et en avoir délibéré
1146 788 3415 901 conformément à la loi , attendu qu’il est constant et reconnu
1408 911 3688 1036 que la veuve Seurat et la demoiselle Seurat sont débitrices des époux
1162 1024 3688 1154 Viedenloecher de la somme de cent cinquante trois francs pour prix de travaux
1136 1134 3701 1272 de la dame Viedenloecher ; attendu que le conseil croit dans les pièces, pour
1131 1272 3706 1418 accorder termes et délais pour payer cette somme ; que d’ailleurs les époux Viedenloecher
1126 1397 3714 1523 consentent à leur accorder des facilités de paiement. Par ces motifs – Le Bureau
1144 1515 3729 1633 Général jugeant en dernier ressort – Condamner la veuve et la demoiselle
1123 1646 3727 1751 Seurat à payer solidairement et avec intérêts suivant la loi aux époux
1121 1758 3729 1876 Viedenloecher la somme de cent cinquante trois francs qu’elles leur
1111 1894 3735 2027 doivent pour prix de travaux faits pas la dame Viedenloecher pour leur
1105 2024 3740 2145 compte et d’après leurs ordres ; Dit que cette somme sera payée comme
1162 2119 3747 2273 suit : cinquante francs le cinq mars, cinquante francs le
1131 2263 3742 2398 cinquante avril et cinquante trois francs le cinq mai mil huit
1118 2391 3745 2531 cent cinquante huit ; Dit encore que faute par elles de satisfaire à l’un
1113 2542 3755 2667 de ces paiement aux jours cidessus fixés la somme entière deviendra exigible
1121 2677 1991 2790 de suite ; Condamne les
2565 2634 3758 2795 défenderesses aux dépens taxés et
