4608 3072
1208 166 3648 312 l’industrie des tissus en date des lundi vingt cinq et mardi vingt
1210 240 3650 412 six janvier mil huit cent cinquante huit Bénard fit citer Brision
1205 350 3660 535 à comparaître par-devant le dit Conseil séant en Bureaux Particuliers
1190 460 3601 632 les mardi vingt six et Mercredi vingt sept Janvier mil huit cent
1180 563 3632 737 cinquante huit pour se concilier si faire se pouvait sur la demande qu’il
1187 683 3591 842 entendait former contre lui devant le dit Conseil en paiement de la
1182 788 3673 967 somme de cent trente francs qu’il lui doit pour un mois de travail
1187 908 3658 1064 qu’il a fait pour son compte, d’après ses ordres et dans ses ateliers.
1192 1026 3671 1177 Brision n’ayant pas comparu la cause fut renvoyé devant le
1177 1152 3648 1280 Bureau Général du dit Conseil séant le Vendredi vingt neuf janvier
1154 1254 3635 1390 mil huit cent cinquante huit et ajournée au vendredi cinq février
1136 1367 3614 1507 suivant mois. Cité pour le dit jour cinq février par
1154 1479 3686 1610 exploit de Potin, huissier à Paris, en date du premier Février mil huit
1177 1605 3617 1722 cent cinquante huit, visé pour timbre et enregistré à Paris le deux
1146 1720 3671 1832 Février mil huit cent cinquante huit, en délier de un francs vingt cinq
1149 1835 3609 1943 centimes, folio soixante quatre, case trois, signé L. Drevon
1180 1950 3701 2055 Brision ne comparut pas. A l’appel de la cause Bénard se présenta
1154 2071 3691 2178 et conclut à ce qu’il plut au Bureau Général du dit conseil donner
1154 2191 3704 2309 défaut contre Brision non comparants ni personne pour lui quoique
1162 2301 3709 2419 dument appelés et pour le profit du dit défaut le condamner à lui payer avec intérêts
1136 2426 3712 2547 suivant la loi la somme de cent trente francs qu’il lui doit pour
1169 2542 3701 2680 prix d’un mois de travail fait dans ses ateliers, pour son compte et
1159 2664 3724 2787 d’après ses ordres, plus indemnité qu’il plaira au Conseil de fixer
1141 2780 3740 2905 pour le préjudice qu’il lui a causé en ne comparaissant pas devant
