4608 3072
2086 161 2887 322 Du dit jour cinq Février
1610 258 3450 437 Entre Monsieur Jules Crocher, ouvrier, demeurant à
1594 350 3540 532 Clichy la garenne près Paris, rue des Batignolles projetée, numéro
1589 435 3548 637 sept ; Demandeur ; Comparant ; D’une part ; Et monsieur Brision,
1548 545 3532 698 apprêteur sur Etoffes, demeurant et domicilié à Batignolles près Paris,
1584 624 3566 788 Cité des fleurs numéro trente neuf ; Défendeur ; Défaillant ; D’autre
1564 724 3555 878 part ; Point de fait - Par lettre du secrétaire du Conseil de Prud’hommes
1571 824 3553 957 du Département de la Seine pour l’industrie des tissus en date des lundi
1579 911 3563 1057 vingt cinq et Mardi vingt six Janvier mil huit cent cinquante huit Crocher
1582 1003 3573 1154 fit citer Brission à Comparaitre par devant le dit Conseil séant en Bureaux
1564 1098 3532 1226 Particuliers les Mardi vingt six et Mercredi vingt sept Janvier mil
1525 1187 3560 1323 huit cent cinquante huit pour se concilier si faire se pouvait sur la
1548 1285 3555 1415 demande qu’il entendait former contre lui devant le dit Conseil en
1546 1377 3527 1505 paiement de la somme de cent quarante francs pour un mois de travail
1546 1474 3550 1594 qu’il a fait dans ses ateliers d’après ses ordres. Brision n’ayant pas
1564 1566 3566 1689 comparu la cause fut renvoyé devant le Bureau Général du dit Conseil
1543 1666 3530 1771 séant le Vendredi vingt neuf janvier mil huit cent cinquante huit et
1538 1756 3555 1856 ajournée au vendredi cinq février suivant mois. Cité pour le dit jour
1556 1848 3535 1950 cinq février par exploit de Potin, huissier à Paris en date du premier
1530 1943 3540 2050 Février mil huit cent cinquante huit, visé pour timbre et enregistré à
1538 2037 3578 2137 Paris le deux Février mil huit cent cinquante huit, en délier de un francs vingt
1515 2127 3548 2237 cinq centimes, folio soixante quatre, case quarante, signé L. Drevon
1536 2219 3584 2321 Brision ne comparut pas. A l’appel de la cause Crocher se présenta et conclut
1548 2324 3584 2414 à ce qu’il plut au Bureau Général du dit conseil donner défaut contre Brision
1533 2421 3563 2511 non comparants ni personne pour lui quoique dument appelés ; Et pour le profit
1530 2498 3586 2598 du dit défaut le condamner à lui payer avec intérêts suivant la loi la somme de
1530 2590 3560 2711 cent quarante francs qu’il lui doit pour prix d’une mois de son travail
1538 2682 3563 2787 fait pour son compte, d’après ses ordres et dans ses ateliers, plus indemnité
1546 2780 3576 2877 pour le préjudice de perte de temps qu’il lui a fait éprouver  en ne comparaissant
1528 2862 3553 3005 pas devant les Bureaux du Conseil et les dépens. Point de droit - Devait-on
