3072 4608
737 303 2764 418 des époux Lédouard parait juste et fondée ; Que d'ailleurs elle
729 357 2799 529 n'est pas contestée par les époux Trouille non comparants ni personne
721 460 2784 602 pour eux quoique dument appelés ; Attendu qu'en ne comparaissant
718 549 2787 695 pas devant les Bureaux du Conseil les époux Trouille ont causé
729 633 2791 810 aux époux Lédouard un préjudice de perte de temps, ce qu'il doivent
718 725 2753 890 réparer ; Par ces motifs - Le Bureau Général jugeant en dernier
737 837 2749 983 ressort ; Autorise la dame Trouille a ester en justice faute par
718 929 2787 1082 son mari de l'avoir fait ; Donne défaut contre les époux Trouille
706 1021 2795 1167 non comparants ni personne pour eux quoique dument appelés
710 1109 2784 1271 Et adjugeait le profit du dit défaut ; Condamne les époux Trouille
702 1209 2768 1355 à payer solidairement et avec intérêts suivant la loi aux époux Lédouard
695 1301 2768 1451 la somme de dix francs qu'ils leur doivent pour prix de travaux faits
656 1390 2757 1555 par la dame Lédouard pour leur compte et d'après leurs ordres,
706 1486 2780 1647 plus une indemnité de quatre francs Cinquante centimes pour
702 1582 2784 1743 temps perdu ; Les Condamne en outre aux dépens taxés et liquidés
706 1685 2795 1831 envers les demandeurs à la somme de deux francs dix centimes, et
691 1785 2768 1912 à celle de soixante quinze centimes envers le Trésor Public, pour le
718 1873 2784 2004 papier timbré de la présente minute conformément à la loi du sept
683 1969 2784 2115 Août mil huit Cent Cinquante, ence, non compris le cout du présent jugement
698 2062 2791 2204 la signification d'icelui et des suites. Et vu les articles 435 du code
706 2165 2768 2292 de procédure civile, 27 et 42 du décret onze juin 1809 pour signifier
679 2250 2760 2400 aux défendeurs le présent jugement, commet Potin, l'un de ses huissiers
698 2353 2534 2526 audienciers. Ainsi jugé les jour mois et an que dessus.
1317 3302 2112 3429 Du dit jour dix huit Juin
718 3386 2795 3528 Entre Madame Amélie Minguet ; épouse assistée et autorisée
710 3482 2784 3628 du sieur Mellor et ce dernier, demeurant ensemble, les dits époux
695 3575 2753 3713 à Paris rue du roule, numéro seize; la dite dame ouvrière lingère ;
691 3667 2772 3813 Demandeurs ; Comparant ; D'une part et Madame Veuve
714 3759 2741 3909 Cartigny, Lingère, demeurant et domiciliée à Paris, rue
687 3859 2757 3993 du Roule, numéro seize ; Défenderesse ; Défaillant ; D'autre
679 3943 2757 4101 part ; Point de fait — Par lettres du secrétaire du Conseil de Prud'hommes
691 4039 2753 4220 du Département de la seine pour l'industrie des tissus en dates
