3072 4608
729 437 2864 576 – lui accorder termes et délais pour payer. Point de Droit –
710 495 2853 675 Devait-on condamner Thiébault à payer aux époux Roland
718 595 2856 768 la somme de tente six francs cinq centimes qu’il leur doit
702 683 2845 883 pour travaux de la dame Roland ? Ou bien devait-on
698 791 2822 971 prendre en considération la mauvaise position dans laquelle
687 887 2822 1082 Thiébault se trouve, considérant la bonne volonté dont
691 986 2853 1186 il a fait preuve lui accorder termes et délais pour payer cette
691 1090 2818 1282 somme ? Que devait-t-il être statué à l’égard des dépens ?
683 1182 2814 1390 Après avoir entendu les parties en leurs demandes et conclusions
668 1297 2791 1486 respectivement en avoir délibéré conformément à la loi ;
679 1378 2803 1585 attendu qu’il est constant et reconnu par Thiébault qu’il
668 1482 2791 1689 est débiteur des époux Roland de la somme de trente six
675 1582 2768 1774 francs cinq centimes pour prix de travaux de la dame
652 1678 2730 1881 Roland ; attendu que Thiébault ne s’oppose pas au
629 1781 2784 1977 paiement de cette somme non contestée ; qu’il est reconnu
622 1885 2780 2104 qu’il a déjà offert vingt francs à compte ; que dans
629 1981 2768 2204 il y a lieu à lui accorder les termes et délais pour payer.
602 2069 2760 2292 Par ces motifs – Le Bureau Général jugeant en
652 2181 2764 2396 dernier ressort –Condamner Thiébault à payer avec
652 2273 2753 2499 intérêt suivant la loi aux époux Roland la comme de
637 2376 2753 2599 trente six francs cinq centimes qu’il leur doit pour prix de
610 2480 2737 2711 travaux de la dame Roland ; Dit que cette sera par lui payé
622 2584 2741 2814 en deux terme : vingt francs le vingt deux Janvier et seize
629 2684 2726 2918 francs cinq centimes le vingt Février mil huit cent cinquante
602 2780 2699 3022 huit ; Dis encore que faute par lui de payer la premier de ces
614 2891 2714 3125 sommes le tout deviendra exigible de suite ; Condamner Thiébault
602 2995 2695 3225 aux dépens taxés et liquidés envers les demandeurs à la somme de
583 3091 2703 3325 quatre vingt dix centimes, et à celle de soixante quinze centimes en vers
591 3187 2691 3444 le Trésor Public pour le papier timbré de la présente minute,
579 3290 2711 3536 conformément à la lois du sept aout mil huit cent cinquante,
587 3398 2680 3651 ence non compris le cout du présent jugement, la signification
564 3490 2672 3774 d’icelui et ses suites. Ainsi jugé les jour, mois et an que dessus.
