3072 4608
768 307 2945 384 des dépens ? Après avoir entendu les parties en leur demandes et
752 368 2949 495 conclusions respectivement ; Ouï pareillement le fabricant soumis
768 460 2952 587 à l’examen du travail en son rapport et e avoir délibéré Conformément
764 552 2933 683 à la loi ; Attendu qu’il est constant que Favier a fait preuve
748 648 2960 775 d’incapacité de la quelle il résulte que le travail est mal fait ; mais attendu
737 748 2968 879 que la mal façon ne rend pas la marchandise invendable ; que d’ailleurs
744 844 2891 971 il est constant que Touler n’a pas, non plus, donné les matières
741 948 2929 1067 convenables pour la confections du galon ; attendu qu’il n’est pas
752 1036 2926 1175 établi que le prix de quinze francs pour centre mètres de galon ait été fixé
752 1140 2956 1263 à l’avance ; que d’ailleurs, fut-il reconnu comme établi il y aurait
779 1232 2895 1374 lieu à le réduire à douze francs par suite de la part que Favier
806 1336 2968 1470 doit supporter pour mal façon ; Attendu que la partie de la demande
748 1440 2945 1570 de Favier, celle portant sur l’indemnité pour caus de perte de temps
817 1543 2926 1658 n’est pas fondée ; qu’il en dit être débouté ; attendu que le prix de
817 1643 2903 1758 soixante quinze centimes par kilogramme de coton dévidé n’est pas
760 1747 2933 1858 exagéré et qu’il a lieu de maintenir ainsi le prix de quinze
752 1839 2933 1962 francs pour l’ourdissage du chargement qui doit être par Touler ;
748 1939 2937 2065 Par ces motifs – Le Bureau Général jugeant en premier ressort
744 2046 2960 2158 Condamne Touler à payer à Favier la somme de cent cinquante six
741 2146 2964 2261 francs pour mille trois cent mètres de galon à raison de deux francs
744 2246 2976 2357 les cent ment mètres ; celle de vingt cinq francs cinquante centimes pour
710 2346 3006 2461 le dévidage de trente quatre Kilogrammes de coton à raison de soixante
725 2449 2987 2561 quinze centimes ; celle de quinze francs pour ourdissage du chargement ;
748 2545 2945 2668 Déboute Favier de sur plus de sa demande ; Dit les dépens
702 2653 3002 2784 compensés entre les parties. Condamne les parties à payer par moitié
710 2764 2918 2872 et solidairement au Trésor Public la somme de deux francs
695 2860 2941 2979 cinq centimes pour le papier timbré de la présente minutes ; le papier
675 2964 2956 3087 timbré et l’enregistrement de la citation, conformément à la loi
737 3060 2952 3194 du sept aout mil huit cent cinquante, ence, non compris le
695 3164 2941 3298 cout du présent jugement, la signification d’icelui et de ses suites. Ainsi
714 3271 1946 3498 jugé les jour, mois et an au dessus.
