4608 3072
2004 2017 2862 2129 Du dit jour cinq Février
1282 2065 3735 2278 Entre Monsieur Alphonse Mouiller, Tailleurs d’habits,
1259 2204 3745 2383 demeurant et domicilié à Paris, rue Saint Honoré, numéro trois cent
1233 2324 3765 2508 quarante huit ; Demandeur ; Comparant ; D’une part ; Et Monsieur
1287 2432 3755 2634 Vercruitz, ouvrier tailleur, demeurant à Paris, rue Leregattier
1249 2549 3776 2749 (ile saint-Louis) numéro deux ; Défendeur ; Comparant ; D’autre part ;
1239 2682 3778 2867 Point de fait – Par lettre du secrétaire du Conseil de Prud’homme du
1236 2785 3773 3036 Département de la Seine pour l’industrie des tissus en date du vendredi
1259 611 3640 714 liquidés envers les demandeurs à la somme de un francs vingt centimes
1267 706 3665 832 à celle de soixante quinze centimes envers le Trésor Public pour le prix du papier
1218 821 3665 954 timbré de la présente minute, conformément à la loi du sept aout mil
1205 947 3668 1067 huit cent cinquante, ence, non compris le cout du présente jugement, la
1231 1047 3696 1231 signification d’icelui et ses suites. Ainsi jugé les jour, mois et an que dessus.
