3072 4608
741 330 2661 456 Cent Cinquante ; Dit que le cout de l'enregistrement, le cout et la
737 391 2699 545 signification du présent jugement sont à la charge des époux Jonquet
706 472 2684 672 ainsi que les suites qui pourraient y être données. Ainsi jugé les jour
721 556 1344 718 mois et an que dessus.
1336 1370 2000 1486 Dudit jour quatre Juin
721 1443 2722 1593 Entre Monsieur Auguste Siégard, fabricant passementier, demeurant
710 1547 2737 1670 et domicilié à Paris, rue Mauconseil, numéro quatorze bis ; Demandeur;
710 1624 2645 1774 Comparant ; D'une part ; Et primo : Madame veuve Legouge,
718 1720 2657 1850 demeurant à Planche de Rebais, arrondissement de Coulommiers,
698 1823 2718 1939 Seine et Marne, agissant au nom et comme chargée de l'administration
710 1908 2703 2023 de la personne et des biens de son fils mineur Eugène Legouge, apprenti
691 1996 2688 2123 passementier ; Défenderesse ; Comparant par son fils auguste Legouge
710 2092 2753 2215 garçon de Magasin, demeurant à Paris, rue sainte anne, numéro cinquante
710 2192 2737 2296 Cinq, aux termes d'un pouvoir sous seing privé en date à Rebais du vingt
687 2280 2680 2388 trois Mai Mil huit cent cinquante huit, Enregistré à Paris, le vingt cinq
691 2369 2726 2488 Mai mil huit cent cinquante huit, folio cent cinquante neuf, recto case
687 2461 2734 2584 sept, au reçu de deux francs vingt centimes, décime Compris par le receveur
687 2561 2641 2676 lequel est annexé à la présente minute ; D'autre part ; Et secondo :
706 2653 2726 2772 Monsieur Auguste Legouge, garçon de magasin, demeurant à Paris,
691 2737 2776 2864 rue Sainte anne, numéro cinquante cinq, au nom et comme s'étant porté
683 2833 2730 2952 fort et responsable de son frère mineur Eugène Legouge ; Défendeur ;
698 2926 2726 3041 Comparant ; aussi D'autre part ; Tertio : et Monsieur Joseph Bois,
683 3025 2722 3129 fabricant passementier, demeurant et domicilié à Paris, rue neuve des
695 3118 2645 3221 petites champs, numéro trente trois, appelé à répondre du fait de
706 3210 2722 3313 détournement de l'apprenti Eugène Legouge de chez Siégard, son
687 3306 2730 3413 Patron, pour l'employer chez lui en qualité d'apprenti ou d'ouvrier ;
706 3394 2649 3513 Défendeur ; Comparant ; aussi D'autre part ; Point de fait
698 3490 2741 3601 Par lettres du secrétaire du Conseil de Prud'homme du département de la Seine
695 3582 2768 3705 pour l'industrie des tissus en dates des Mecredi douze et samedi vingt deux Mai
698 3678 2757 3793 mil huit Cent Cinquante huit Siégard fit citer la dame Veuve Legouge,
691 3778 2737 3882 auguste Legouge et Bois à Comparaitre par devant le dit Conseil de
683 3866 2795 3982 Prud'hommes séant en Bureau particulier les samedi vingt deux et lundi
683 3962 2768 4120 Trente un Mai mil huit Cent Cinquante huit pour se conciller si faire se
