3072 4608
418 360 2791 472 allouée pour cette mis à l’essayage ? Doit-on dans tous les cas lui accorder
395 418 2799 579 termes et délais pour payer la somme dont il restera redevable envers
407 526 2803 695 Mouiller ? Que doit-il être statué à l’égard des dépens ? Après avoir
399 629 2795 791 entendu les parties en leurs demandes et conclusions respectivement et en
391 741 2799 890 avoir délibéré conformément à la loi ; attendu qu’il résulte des explication
384 848 2795 1013 des parties que Wercruitz a rendu l’habit après la mise à l’essayage
376 959 2787 1113 qu’il est d’usage et de toute équité de payer ce travail surtout si, comme
372 1075 2799 1217 dans l’espèce, l’ouvrier n’a renvoyer l’habit inachevé que pour ne pas placer
360 1178 2810 1332 son patron dans l’embarras. Attendu que le Conseil estime le travail
349 1282 2810 1451 de cette mise à l’essayage à la somme de six francs ; attendu qu’en
341 1405 2791 1555 recevant le prix de la façon d’un habit par avance Vercruitz annonce
353 1528 2784 1666 une position génée qui ne l’est pas améliorée depuis ; que dans
334 1624 2799 1781 l’espèce il y a lieu à lui accorder termes et délais pour rembourser
345 1743 2791 1881 la somme de douze francs trente centimes qu’il redoit à Mouiller.
299 1839 2810 1996 Par ces motifs – Le Bureau général jugeant en dernier ressort ;
326 1958 2780 2112 Condamne Vercruitz à payer avec intérêts suivant la loi à
341 2069 2795 2227 Mouiller la somme de douze francs trente centimes à titre de
341 2196 2791 2353 restitution d’avances reçues sur un travail qu’il n’a pas terminé.
307 2315 2791 2457 Dit qu’il paiera cette somme  en deux paiements : Le premier de six francs
322 2430 2784 2572 le quinze février mil huit cent cinquante huit et le deuxième de
334 2542 2791 2695 six francs trente centimes le vingt cinq du même mois ; Dit que
257 2653 2787 2810 faute par lui de payer la comme de six francs au jour cidessus fixé
322 2772 2810 2929 la somme entière deviendra exigible de suite ; Condamne Vercruitz
264 2887 2799 3045 aux dépens taxés et liquidés envers le demandeur à la somme de soixante
272 3006 2795 3164 centimes et à celle de soixante quinze centimes envers le Trésor Public
276 3125 2787 3287 pour le papier timbré de la présente minute, conformément à la loi
307 3256 2795 3402 du sept aout mil huit cent cinquante, ence, non compris le cout du
261 3363 2784 3536 présent jugement, la signification d’icelui et ses suites. Ainsi
299 3475 1666 3690 jugé les jour, mois et an que dessus.
