4608 3072
1507 284 3673 366 en paiement d'une indemnité pour temps perdu ? que doit-il être
1497 358 3653 465 statué à l'égard des dépens ? Après avoir entendu les parties en leurs
1515 458 3683 570 demandes et conclusions respectivement et en avoir délibéré conformément
1523 568 3609 665 à la loi ; Attendu qu'il résulte des explications fournies par les
1515 665 3676 765 parties à l'audience que les demandeurs sont entrés dans les ateliers
1515 765 3696 867 des defendeurs pour y travailler en qualité d'ouvriers fileurs ; que dans
1528 872 3701 975 le cours de la deuxième journée ils ont déclaré aux défendeurs ne
1512 962 3655 1085 pouvoir conduire le métier qui leur était Confié et avoir l'intention
1536 1075 3712 1187 de se retirer de suite ; Que les défendeurs se sont opposés à ce retrait
1518 1167 3701 1292 par tous les moyens en leur pouvoir ; qu'ils ont refusé de payer le
1502 1264 3686 1392 prix de leurs travaux pendant ces deux jours et de leur remettre leur
1528 1354 3650 1487 livret signé ; Attendu que s'il est d'usage que les Patrons
1538 1456 3714 1594 et ouvriers de certaines industries doivent de prévenir mutuellement
1536 1566 3688 1704 un certain laps de temps lorsq à l'avance, lorsqu'ils sont pour
1538 1674 3717 1797 se quitter, cet usage ne peut être appliqué à des ouvriers n'étant
1546 1763 3650 1914 n'ayant pas travaillé un certain temps restés que quelques jours
1536 1856 3699 2004 dans la fabrique ou atelier à moins qu'ils aient déjà été employés
1543 1955 3650 2099 dans cette même fabrique, que les usages leur soient commis et
1548 2050 3645 2211 que les fabricants connaissent leurs capacités et leur moralité ;
1556 2158 3676 2314 Qu'il est d'usage, au contraire, que la semaine de Congé n'est
1564 2255 3717 2426 due, soit par le Patron, soit par l'ouvrier, que lorsque l'ouvrier
1569 2355 3706 2490 a passé au moins une quinzaine de jours dans la fabrique ou
1576 2442 3645 2608 il est admis à travailler ; que jusques là il reste libre de se retirer
1571 2549 3699 2700 comme le fabricant est libre de le remercier sans qu'il soit besoin,
1553 2639 3676 2798 par l'un ou par l'autre, de prévenir aucun temps à l'avance ;
1589 2736 3650 2882 Attendu que Weltzer et Quivriez n'étant restés que deux jours dans
1582 2821 3719 2997 la fabrique des défendeurs étaient dans leur droit de refuser la continuation
