4608 3072
1372 424 3607 611 huit, visé pour timbre et enregistrement à Paris, le deux Février mil
1338 522 3619 721 huit cent cinquante huit, en délier de une franc cinquante centimes,
1349 614 3668 816 folio soixante cinq, case sept, signé : L. Devon Wéber ne
1369 714 3607 913 comparut pas. A l’appel de la cause Aurer se présenta et conclut
1456 824 3642 1011 à ce qu’il plut au Bureau Général du dit conseil donner défaut contre
1344 921 3665 1128 Wéber non comparant ni personne pour lui quoique dument appelé
1349 1039 3635 1216 et pour le profit le condamner à lui payer avec intérêts suivant
1356 1157 3635 1310 la loi la somme de trente six francs qu’il lui doit pour prix de travaux
1280 1254 3584 1428 par lui fait pour son comptes et d’après ses ordres, plus une
1344 1384 3653 1533 indemnité pour le préjudice de perte de temps qu’il a fait éprouver
1338 1502 3617 1625 en ne comparant pas devant les Bureaux du Conseil et les
1354 1597 3614 1725 dépens. Point de droit - Devait-on donner défaut contre
1354 1722 3655 1835 Wéber non comparant ni personne pour lui quoique dument
1356 1827 3658 1940 appelé et pour le profit adjuger au demandeur les conclusions
1356 1945 3650 2042 par lui précédemment prises ? Que devait-on statuer à
1344 2032 3694 2147 l’égard des dépens ? Après avoir entendu Aurer en ses demandes et
1305 2150 3683 2268 conclusions et en avoir délibéré conformément à la loi ; attendu
1341 2260 3648 2380 que la demande de Aurer parait juste et fondée ; que d’ailleurs
1333 2368 3712 2508 elle n’est pas contestée par Wéber non comparant ni personne
