4608 3072
1187 289 3683 440 en outre Fortin à donner la soupep à ll'apprenti vers les huit ou neuf
1185 407 3665 527 heures du matin et à lui donner un repas de plus dans la jouréne.
1172 517 3688 647 Il fut d'avis que pour le cas ou Clavière ne fesait pas rentrer son
1172 606 3691 755 fils de suite chez fortin il serait renu de lui payer la somme
1162 706 3648 865 de Cinquante francs à titre d'indemnité. Les propositions
1187 819 3681 972 de conciliation n'ayant aps été executées par Clavière, Fortin
1164 934 3691 1090 le fit de nouveau appeler devant leBureau particulier séant
1180 1062 3683 1205 le mercredi treize janvier mil huit cent cinquante huit
1177 1177 3701 1318 Clavière n'ayant pas comparu la cause fut renvoyée devant
1177 1282 3696 1428 le Bureau Général du dit Conseil séant le vendredi quinze
1154 1400 3709 1548 janvier mil huit cent cinquante huit. Cité pour le dit jour
1164 1520 3724 1684 quinze janvier Clavière ne comparut pas. A l'appel de la cause
1149 1648 3763 1794 Fortin se présenta et conclut à ce qu'il plut au bureau Général du
1177 1774 3742 1914 dit conseil donner défaut contre clavière ès nom qu'il agit, non
1157 1884 3742 2035 comparant ni personne pour lui quoique dument appelé et pour le profit
1169 2009 3752 2145 Dire et ordonner que dans le jour du jugement à intervenur Clavière
1159 2124 3786 2275 sera tenu de faire rentrer son fils dans ses ateliers pour y continuer son
1159 2245 3770 2416 apprentissage, sinon faute par lui de ce faire dans le dit jour et icelui
1154 2362 3781 2526 passé le condamner dès à présent à lui payer avec intérêts suivant la
1134 2475 3763 2652 loi la somme de cinquante francs à titre d'indemnité du préjudice
1146 2600 3865 2775 que lui cause la rupture de l'apprentissage, et le condamner en outre aux
1146 2741 3773 2897 dépens. Point de droit - Devait-on donner défaut contre Clavière
1123 2933 3752 3010 non comparant ni personne pour lui quoique dument appelé et
