3072 4608
779 472 2638 549 mois. Citée à comparaître le dit jour quinze janvier pas exploit de Fontaine,
783 522 2630 637 huissier,à Paris, en date du onze janvier mil huit cent cinquante huit, visé
768 606 2630 714 pour timbre et enregistré à Paris le douze janvier mil huit cent cinquante
787 691 2568 802 huit, en délier de soixante dix centimes, folio trente six, case cinq,
787 771 2622 883 signé : L. DRERON la veuve Lorther ne comparut pas. A l’appel
787 863 2630 959 de la cause les époux Monnier se présentèrent et conclurent à ce qu’il
764 940 2630 1048 plut au Bureau Général du Conseil donner défaut contre la veuve
764 1032 2645 1136 Lorther non comparante ni personne pour elle quoique dument appelée et
771 1132 2645 1221 pour le profit la condamner à leur payer avec intérêts suivant la loi
783 1205 2626 1301 la somme de douze francs qu’elle leur doit pour prix de travaux faits
748 1290 2638 1393 par la dame Monnier pour son compte et d’après ses ordres, plus
771 1374 2645 1482 une indemnité pour le préjudice de perte de temps qu’elle leur a fait
756 1470 2638 1555 éprouver en ne comparaissant pas devant le Bureau du Conseil et
756 1543 2634 1647 les dépens. Point de droit – Devait-on donner défaut contre la
752 1639 2634 1739 veuve Lorther non comparante ni personne pour elle quoique dument
756 1724 2638 1831 appelée pour le profit adjuger aux demandeurs les conclusions
760 1812 2618 1904 par eux précédemment prises ? Que devait-on statuer à l’égard des
725 1896 2634 2004 dépens ? Après avoir entendu les époux Monnier en leurs demandes et
721 1989 2630 2088 conclusions et en avoir délibéré conformément à la loi. Attendu que
741 2069 2638 2184 la demande des époux Monnier paraît juste et fondée ; que d’ailleurs
741 2161 2630 2280 elle n’est pas contestées par la veuve Lorther non comparante ni personne pour
737 2257 2638 2369 elle quoique dument appelée ; attendu qu’en ne comparaissant pas devant
752 2346 2634 2465 les Bureaux du Conseil la veuve Lorther a causé aux époux Monnier
729 2430 2626 2553 un préjudice de perte de temps, ce qu’elle doit réparer ; Par ce motif –
744 2511 2634 2645 Le Bureau Général jugeant en dernier ressort ; Donne défaut contre
752 2607 2641 2722 la veuve Lorther non comparante ni personne pour elle quoique dument
748 2691 2630 2818 appelée ; et adjugeant le profit du dit défaut ; Condamne la veuve
744 2776 2634 2918 Lorther à payer avec intérêt suivant la loi aux époux Monnier la
725 2872 2641 3022 somme de douze francs qu’elle leur doit pour prix de travaux faits par la dame
733 2964 2634 3106 Monnier pour son compte et d’après ses ordres, plus une indemnité de six
721 3045 2641 3214 francs pour temps perdu ; La condamner en outre aux dépens taxés et liquidés
714 3144 2653 3302 envers les demandeurs à la somme de deux francs quarante six centimes, et a celle de
729 3233 2645 3398 un franc quarante cinq centimes envers le Trésor Public pour le papier timbré de la présente minute,
710 3325 2653 3482 le papier timbré et l’enregistrement de la citation,
679 3406 2641 3578 conformément à la loi du sept aout mil huit cent cinquante, ence, non compris le
695 3498 2653 3674 cout du présent jugement, la signification d’icelui et ses suites. Et vu les articles 435 du
702 3590 2641 3774 code de procédure civile, 27 et 42 du décret du douze juin 1809 pour signifier à la défenderesse
683 3686 2519 3874 le présent jugement, commet Fontaine, l’un de ses huissiers audiencier. Ainsi jugé le
698 3763 1336 3905 jour, mois et an que dessus.
