3072 4608
944 426 2914 545 liquidés envers les demandeurs à la somme de un franc vingt centimes
898 487 2906 622 et à celle de soixante quinze centimes envers le trésor public pour
898 564 2926 714 le papier timbré de la présente minute, Conformément à la loi du sept
875 660 2914 810 Août mil huit cent Cinquante, ence, non compis le cout du présent
906 756 2922 898 jugement, la signification d'icelui et ses suites ; Et vu les articles
898 844 2929 994 435 du code de procédure civile 27 et 42 du décret du onze Juin
910 936 2929 1090 1809 pour signifier au défendeur le présent jugement Commet
898 1032 2918 1190 Potin, l'un de ses huissiers audienciers. Ainsi jugé les jour mois et
936 1144 1432 1320 an que dessus.
1612 1966 2376 2115 Dudit jour dix huit Juin
929 2088 2941 2208 Entre monsieur Pierre Genedor, Employé, demeurant à Paris,
929 2196 2956 2307 rue Rochechouart, numéro quatre vingt deux, agissant au nom
917 2300 2960 2400 et comme chargé de l'administration de la personne et des biens de
902 2388 2979 2503 sa fille mineure Anna Genedor, ouvrière ; Demandeur ; Comparant ;
917 2480 2976 2592 D'une part ; Et Monsieur Lair, fabricant de dentelles, demeurant
890 2592 2964 2688 et domicilié à Paris, rue du faubourg Montmartre, numéro trente
910 2672 2976 2791 deux ; Défendeur ; Défaillant ; D'autre part ; Point de fait
894 2772 2979 2895 Par lettre du secrétaire du Conseil de Prud'hommes du Département
906 2880 2968 2987 de la seine pour l'industrie des tissus en date du Vendredi onze Juin
898 2968 2995 3091 mil huit cent Cinquante huit Genedor, ès noms et qualités qu'il agit, fit
894 3064 2968 3183 présenter et citer Lain à comparaître par devant le dit Conseil séant
906 3160 2979 3283 en Bureau Particulier le samedi douze Juin mil huit cent cinquante
910 3256 2968 3390 pour se concilier si faire se pouvait sur la demande qu'il entendait
887 3356 2983 3479 former contre lui devant ledit conseil en paiement de la somme de Cinquante
890 3448 2983 3594 huit francs qu'il lui doit pour prix de travaux faits par sa fille anna
887 3551 2987 3690 pour son compte et d'après ses ordres. Les parties n'ayant pas été
883 3651 2976 3786 conciliées la cause fut renvoyée devant le Bureau Général du dit
894 3751 2991 3878 Conseil séant le vendredi dix huit Juin mil huit cent Cinquante
894 3836 2976 3982 huit. Cité pour le dit jour dix huit Juin par lettre du secrétaire
898 3935 2987 4085 du Conseil en date du samedi douze Juin mil huit cent Cinquante
879 4035 2914 4181 huit Lair ne comparut pas ni personne pour lui régulièrement
875 4139 2929 4285 quoique dument appelé ; A l'appel de la cause Genedor se
898 4220 2987 4408 présenta et Conclut à ce qu'il plut au Bureau Général dudit
