4608 3072
1397 412 3576 524 l’employait tout le temps à faire des courses et à des travaux d’homme
1402 491 3591 629 de peine, ce qui avait déterminé chez l’enfant plusieurs maladies graves
1384 588 3591 714 elle avait cru pouvoir le retirer. Le Bureau Particulier fut d’avis que
1384 680 3563 819 le mineur Joseph Reymont devant rentrer chez Bonnefoy pour
1392 791 3599 919 y continuer son apprentissage pendant deux années à partir du jour
1392 888 3550 1003 de son entrée, que Bonnefoy ne devait l’employer qu’au travaux
1387 990 3596 1116 de sa profession, jamais à porter des fardeaux ni trainer de voiture
1387 1098 3614 1203 ainsi qu’il l’a fait jusqu’à ce jour. Il fut d’avis aussi que si la dame
1395 1192 3568 1310 veuve Reymont s’opposait à la rentrée de son fils elle serait dans
1372 1303 3584 1413 ce cas tenue de payer à Bonnefoy la somme de centre francs à titre
1382 1400 3584 1515 de dommage-intérêts. Les parties ayant consenti à faire continuer
1372 1505 3601 1615 l’apprentissage dans les condition posées par le Bureau Particulier
1377 1617 3609 1720 la cause fut conciliée. Par lettre du secrétaire du dit conseil en date
1361 1728 3619 1835 du Mardi vingt six janvier mil huit cent cinquante huit la
1379 1817 3637 1958 dame veuve Reymont fit citer Bonnefoy à comparaître pardevant
1354 1930 3632 2032 le Bureau Particulier suant le Mercredi vingt sept janvier mil huit
1359 2035 3622 2135 cent cinquante huit pour se concilier sur la demande qu’elle entendait
1338 2137 3596 2237 former contre lui devant le dit Conseil en résolution des conventions
1338 2247 3624 2368 verbales d’apprentissage consenties pour son fils attendue que contrairement
1338 2357 3573 2455 à l’engagement pris devant le Bureau Particulier du douze
1338 2455 3653 2588 décembre dernier il a continué à employer son fils à porter des fardeaux
1349 2575 3640 2690 et à traîner la voiture. A l’appel de la cause le veuve Reymont se
1303 2680 3627 2798 présenta et exposa comme dessus. De son coté Bonnefoy se
1331 2792 3648 2900 présenta et exposa au conseil qu’il n’a jamais commandé l’apprentis
1356 2900 3635 3031 de traîner la voiture ni de porter aucun fardeau, que s’il l’a fait il n’a put
