4608 3072
1372 325 3665 486 Conseil et les dépens. Point de droit - Devait-on donner défaut
1382 422 3660 576 contre les époux Balles non comparants ni personne pour eux quoique
1364 527 3655 680 dument appelés et pour le profit adjuger aux demandeurs les conclusions
1361 629 3627 778 par eux précédemment prises ? Que devait-on statuer à l’égard des
1364 724 3648 875 dépens ? Après avoir entendu les époux Couvreur en leurs demandes
1349 839 3658 983 et conclusions et en avoir délibéré conformément à la loi ; attendu
1351 949 3688 1077 que la demande des époux Couvreur parait juste et fondée ; que
1328 1041 3688 1198 d’ailleurs elle n’est pas contestée par les époux Balles non comparants
1341 1172 3640 1277 ni personne pour lui quoique dument appelés ; attendu qu’en ne
1354 1269 3678 1382 comparaissant pas devant les Conseil les époux Balles ont causé
1333 1382 3694 1500 aux époux Couvreur un préjudice de perte de temps, ce qu’ils doivent réparer ;
1367 1484 3701 1592 Par ces motifs - Le Bureau Général jugeant en dernier ressort ; Autorise
1369 1594 3696 1697 la dame Balles à entrer en justice faute par son mari de l’avoir fait ;
1359 1697 3719 1809 Donne défaut contre les époux Balles non comparants ni personne
1351 1812 3701 1912 pour eux quoique dument appelés ; Et adjugeant le profit du dit défaut ;
1338 1917 3681 2012 Condamne les époux Balles à payer avec intérêts suivant la loi aux
1333 2014 3709 2135 époux Couvreur la somme de dix francs qu’ils leur doivent pour prix
1356 2119 3694 2242 de travaux fait par la dame Couvreur pour leur compte, sur leurs ordres
1336 2229 3737 2375 et dans leurs ateliers, plus une indemnité de trois francs pour temps perdu ;
1328 2352 3719 2470 Les condamne en outre aux dépens taxés et liquidé en vers les demandeurs
1344 2452 3719 2570 à la somme de un franc vingt centimes, et à celle de soixante quinze
1328 2554 3724 2688 centimes envers le Trésor Public pour le papier timbré de la présente
