4608 3072
1477 583 3916 706 la loi ; attendu que la demande de la demoiselle Flamand est juste et fondée ; que d’ailleurs
1477 673 3921 801 elle n’est pas contestée par la veuve Voyon non comparante ni personne pour elle quoique dument appelée ;
1500 773 3947 906 attendu qu’en ne comparaissant pas devant les Bureaux du Conseil la veuve Voyon a causé à la demoiselle
1489 883 3904 1013 Flamand un préjudice de perte de temps, ce qu’elle doit réparer ; Par ces motifs - Le Bureau Général
1477 1003 3911 1113 jugeant en dernier ressort ; Donne défaut contre la veuve Voyon non comparante ni personne pour
1461 1105 3927 1226 elle quoique dument appelée ; Et adjugeant le profit du dit défaut ; condamne la veuve Voyon
1502 1221 3891 1341 à payer avec intérêts suivant la loi à la demoiselle Flamand la somme de vingt un francs
1477 1331 3955 1436 cinquante centimes qu’elle lui doit pour prix de travaux ; Condamne la veuve Voyon aux dépens taxés et
1474 1446 3955 1548 liquidés en vers la demanderesse à la somme de quatre vingt dix centimes, et à celle de soixante quinze
1443 1566 3947 1674 centimes envers le Trésor Public pour le papier timbré de la présente minute, conformément à la loi
1497 1676 3980 1797 du sept aout mil huit cent cinquante, ence, non compris le cout du présent jugement, la signification
1492 1786 3942 1927 d’icelui et ses suites. Et vu les articles 435 du code de procédure civile, 27 et 42 du secret du onze juin
1497 1902 3947 2048 1809 pour signifier au défendeur le présent jugement, commet Potin, l’un de ses huissiers audienciers.
1495 2032 2444 2173 Ainsi jugé les jour moi et ans que dessus.
