3072 4608
698 234 2799 318 les époux Masson se présentèrent et conclurent à ce qu'il plut au
695 291 2764 422 Bureau Général du dit Conseil donner défaut contre Wolff non
679 391 2749 503 comparant ni personne pour lui quoique dument appelé et pour le
683 476 2818 606 profit le condamner à leur payer avec intérêts suivant la loi la somme
702 583 2841 698 de dix sept francs cinquante centimes qu'il leur doit pour prix de travaux
706 672 2814 787 faits par la dame Masson pour son compte et d'après ses ordres,
721 768 2845 894 plus telle indemnité qu'il plaira au Conseil fixer pour réparation du
675 867 2845 1002 préjudice qu'il leur a causé en ne comparaissant pas devant les Bureaux
691 956 2803 1086 du Conseil et les dépens. Point de droit - Doit-on donner défaut
698 1052 2837 1186 contre Wolff non comparant ni personne pour lui quoique dument
718 1152 2841 1286 appelé et pour le profit adjuger aux demandeurs les conclusions pour
725 1244 2872 1374 eux précèdemment prises ? que doit-il être statué à l'égard des dépens ?
675 1340 2868 1478 Aprés avoir entendu les époux Masson en leurs demandes et conclusions
721 1443 2868 1582 et en avoir délibéré conformément à la loi ; attendu que la demande
721 1532 2887 1674 des époux Masson parait juste et fondée ; que d'ailleurs elle n'est pas
733 1620 2887 1774 contestée par Wolff non comparant ni personne pour lui quoique dument
729 1724 2883 1873 appelé; attendue qu'en ne comparaissant pas devant les Bureaux du
725 1827 2872 1969 Conseil Wolff a causé aux époux Masson un préjudice de perte de temps,
725 1927 2887 2073 ce qu'il doit réparer ; Par ces motifs - Le Bureau Général jugeant
668 2023 2876 2165 en dernier ressort ; Donne défaut contre Wolff non comparant ni
744 2115 2922 2277 personne pour lui quoique dument appelé ; Et adjugeant le profit du
748 2208 2914 2369 dit défaut ; Condamne Wolff à payer avec intérêts suivant la loi
748 2315 2949 2465 aux époux Masson la somme de dix sept francs cinquante
752 2411 2937 2568 centimes qu'il leur doit pour prix de travaux faits par la dame
760 2526 2952 2672 Masson pour son compte et d'après ses ordres plus une indemnité
760 2611 2903 2760 de quatre francs cinquante centimes pour temps perdu ; Le
791 2703 2945 2860 Condamne en outre aux dépens taxés et liquidés envers les demandeurs
775 2814 2956 2964 à la somme de un franc vingt centimes, et à celle de soixante quinze
760 2910 2960 3060 centimes envers le Trésor Public pour le papier timbré de la présente
775 3006 2964 3160 minute , Conformément à la loi du sept août mil huit cent cinquante,
764 3098 2972 3267 ence, non Compris le cout du présent jugement, la signification d'icelui
771 3210 2945 3359 et ses suites .  Et vu les articles 435 du code de procédure civile, 27
779 3310 2899 3463 et 42 du décret du onze juin 1809 pour signifier au défendeur le
791 3425 2956 3575 présent jugement, Commet Potin, l'un de ses huissiers audienciers.
775 3528 2169 3732 Ansi jugé les jour mois et an que dessus.
