4608 3072
1456 40 3494 148 qui de droit ils se refusent de le signer au jour de leur sortie jusqu'à
1456 130 3468 248 ce qu'ils aient satisfait aux conditions établis par l'usage ; Par
1438 238 3486 350 ces motifs — Et attendu qu'ils offrent de payer aux demandeurs la
1425 355 3486 437 somme qui leur est due pour salaire ; Dire et ordonner que dans
1436 442 3496 540 le jour du jugement à intervenir les demandeurs seront tenus de
1432 522 3515 697 rentrer dans leurs ateliers pour y travailler pendant huit jours
1418 632 3463 750 suivant l'usage sinon et faute par eux de ce faire les déclarer
1418 742 3456 837 nonrecevable en leur demande en signature de livret ; les
1436 837 3481 929 déclarer, dans tout les cas, nonrecevables en leur demande en
1425 924 3486 1026 indemnité pour perte de temps par suite du refus de signature de
1428 1016 3481 1126 livret et les condamner aux dépens. Point de droit — Doit-on
1420 1123 3494 1226 condamner Ritaud, Fleury et compagnie à payer solidairement
1418 1216 3473 1328 à Weltzer et Quivriez la somme de quatre francs à chacun d'eux
1382 1313 3486 1428 pour salaire ; Dire et ordonner que dans le jour du jugement Ritaud,
1415 1397 3473 1525 fleury et compagnie seront tenus de restituer à chacun des demandeurs
1433 1510 3484 1630 leur livret qu'ils leur retiennent indument, sinon et faute par eux de
1415 1602 3456 1715 ce faire les condamner à leur payer à chacun la somme de deux
1390 1687 3476 1822 francs par chaque jour de retard ; Condamner les défendeurs
1397 1794 3463 1925 à payer aux demandeurs la somme de vingt francs à chacun
1410 1886 3471 2030 d'eux pour le temps qu'ils leur ont fait perdre à ce jour par la
1410 1981 3466 2114 retenue de leur livret ? Ou bien doit-on dire et ordonner que
1420 2091 3453 2216 dans le jour du jugement à intervenir les demandeurs seront tenus
1397 2173 3468 2316 de rentrer dans les ateliers des défendeurs pour y travailler pendant
1387 2278 3453 2411 huit jours suivant l'usage établi entre les ouvriers et les fabricants
1382 2368 3463 2508 lorsqu'ils sont pour se quitter, sinon et faute par eux de ce faire dire
1387 2472 3445 2606 qu'ils ne pourront exiger la signature de leur livret ; Dans tous
1402 2560 3450 2711 les cas, déclarer les demandeurs non recevables en leur demande
