4608 3072
1533 376 3799 468 compte et d’après ses ordres, plus un indemnité de six francs pour le
1533 442 3791 583 temps perdu ; LA condamne en outre aux dépens taxés et liquidés
1528 540 3814 673 envers le demandeur à la somme de deux francs cinquante
1541 634 3781 773 centimes, et à celle de deux francs cinq centimes envers le
1553 744 3768 875 Trésor Public, pour le papier timbré de la présente minute,
1553 849 3806 980 le papier timbré et l’enregistrement de la citation, conformément
1546 970 3729 1064 à la loi du sept aout mil huit cent cinquante ence, non
1536 1059 3791 1167 compris le cout du présent jugement,, la signification d’icelui
1533 1167 3699 1285 et ses suites. Et vu les articles 435 du code de procédure
1559 1277 3781 1374 civile, 27 et 42 du décret du onze juin 1809 pour signifier
1566 1367 3811 1492 à la défenderesse le présent jugement, Commet Fontaine,
1566 1469 3760 1630 l’un de ses huissiers audienciers. Ainsi jugé les jour
1543 1600 2536 1702 mois et an que dessus.
