3072 4608
875 353 2841 564 pouvait sur la demande qu'il entendait former contre les deux premiers en paiement
848 449 2822 641 de la somme de cinq cent francs pour inéxécution de Conventions verbales d'apprentissage
852 541 2830 725 et contre Bois en possibilité du paiement de cette somme pour avoir attiré chez
840 622 2822 817 lui l'apprenti Legouge, l'avoir détourné de ses devoirs et enfin reçu chez lui
837 706 2822 906 en qualité d'ouvrier ou d'apprenti quoique le sachant lié par des conventions
821 798 2795 979 verbales. La dame veuve Legouge et Legouge auguste n'ayant pas comparu
825 906 2845 1094 régulièrement la cause fut renvoyée devant le Bureau Général dudit Conseil
833 983 2837 1178 Séant le vendredi quatre Juin mil huit cent cinquante huit. Cités pour le dit
825 1082 2826 1259 jour quatre juin les défendeurs Comparurent, Auguste Legouge tant en son
817 1167 2791 1336 nom personnel que comme mandataire de la veuve Legouge, sa mère.
833 1255 2845 1447 A l'appel de la cause Siégard se présenta et exposa au Conseil que suivant
798 1351 2841 1539 conventions verbales intervenues entre lui et la veuve Legouge et son fils auguste
806 1443 2830 1628 en Décembre mil huit cent cinquante cinq il a consenti à recevoir le mineur
794 1543 2841 1731 Eugène Legouge comme apprenti, à le garder pendant quatre années à partir
802 1647 2837 1816 du jour de son entrée, à le nourrir et loger pendant toute la durée de l'apprentissage
779 1739 2849 1919 Que depuis plus de six mois le mineur Legouge menaçait de le quitter pour
802 1839 2830 2004 entrer chez Bois qui lui promettait des appointements ; que par lettre en date de
791 1935 2841 2096 fevrier mil huit Cent Cinquante huit il donna avis à Bois que l'apprenti étant
783 2031 2845 2192 chez lui pour quatre années qui ne devaient expirer qu'en Décembre mil huit Cent
787 2123 2837 2292 Cinquante neuf il avait le plus grand tort de chercher à le détourner de ses
783 2223 2849 2392 devoirs, lui rappelant que la loi sur l'apprentissage interdit l'emploi de semblables
760 2334 2841 2476 manœuvres ; que loin de tenir compte de cet avertissement Bois entretint
760 2423 2849 2576 l'apprenti dans ses idées d'instabilité, l'engagea à entrer chez lui promettant
775 2519 2845 2684 des appointements ; qu'en effet l'apprenti a quitté ses ateliers dans les premiers
764 2626 2860 2768 jours de mai dernier, s'est rendu au domicile de Bois qui le reçut et l'emp
768 2726 2845 2868 depuis ce jour ; Par ces motifs et attendu que cette rupture des conventions
737 2814 2849 2987 Verbales d'apprentissage lui cause un préjudice grave et que les défendeurs lui
752 2926 2849 3075 en doivent la réparation ; Dire a Il conclut à ce qu'il plut au Bureau
737 3022 2833 3179 Général dudit conseil dire que dans le jour du jugement à intervenir
737 3125 2845 3271 les Conventions verbales intervenues entre lui et la veuve et Louge et
737 3217 2803 3363 son fil auguste en Décembre mil huit cent Cinquante Cinq sont et doivent être
737 3313 2849 3467 résolues ; Condamner solidairement la veuve Legouge et auguste Legouge
737 3417 2856 3563 à lui payer avec intérêts suivant la loi la sommme de Cinq cents francs à titre
721 3517 2868 3659 d'indemnité ; Dis a que Bois sera passible envers lui du paiement de
733 3624 2841 3751 cette somme et condamner les défendeurs solidairement aux Dépens .
741 3720 2841 3855 De son coté Legouge Auguste, agissant tant en son nom personnel que
718 3816 2853 3955 comme mandataire de la veuve Legouge, sa mère, se présenta et exposa
721 3924 2837 4043 au Conseil que les conventions verbales intervenues en Décembre mil
698 4016 2853 4147 huit Cent Cinquante cinq établissaient que l' apprenti entrerait chez Siégard
706 4116 2860 4250 le huit Janvier suivant pour deux années, la nourriture, le logement et
698 4208 2745 4423 dix francs par mois s'il ne ferait que la place ; Que si en lui apprenait
