4608 3072
1518 1395 3622 1512 doivent pour prix de travaux faits par la dame Grad pour leur compte
1538 1510 3609 1600 et d’après leur ordres, plus une indemnité de quatre francs cinquante
1523 1597 3617 1699 centimes pour temps perdu ; Les condamner en outre aux dépens
1518 1725 3617 1797 taxés et liquidé en vers les demandeurs à la somme de trois francs
1512 1809 3630 1914 soixante sept centimes, et à celle de un franc quatre vingt centimes
1546 1907 3619 2001 envers le Trésor Public pour  le papier timbré de la présente minutes,
1528 1996 3622 2122 le papier timbré et l’enregistrement de la citation, conformément à la
1528 2104 3632 2222 loi du sept aout mil huit cent cinquante, ence, non compris le cout du
1530 2196 3632 2306 présent jugement, la signification d’icelui et ses suites. Et vu les articles 435
1538 2286 3640 2421 du code de procédure civile, 27 et 42 du décret du onze juin 1809 pour signifier
1523 2388 3632 2534 aux défendeurs le présent jugement, commet Fontaine, un de ses huissier audiencier.
1518 2506 2849 2726 Ainsi jugé les jour, mois et an que dessus.
