4608 3072
1259 222 3568 330 fille Emélie Doré en qualité d'apprentie pour quatre ans et demi
1244 296 3573 445 à partir du dit jour à charge par lui de lui apprendre l'état d'ouvrier
1236 396 3586 558 brodeuse, de la nourrir, loger et blanchir pendant toute la durée de
1223 494 3596 665 l'apprentissage ; que depuis quelques jours la dame veuve Doré a
1210 609 3568 762 retiré sa fille sans aucun motif et refuse de l'y faire rentrer .
1210 721 3568 885 De son coté la veuve Doré se présenta et exposa au Conseil qu'en effet
1231 829 3566 985 elle a placé sa fille en apprentissage chez Simon pour quatre
1210 934 3581 1111 ans et demi à partir du dix huit Novembre mil huit cent cinquante
1205 1057 3573 1216 six ; mais que Simon l'ayant renvoyée de chez lui après l'avoir
1216 1162 3586 1320 battue elle s'est refusée à la lui renvoyer. Le Bureau Particulier
1205 1285 3586 1431 après avoir entendu les parties fut d'avis que l'apprentie devait rentrer
1205 1397 3581 1541 chez Simon pour y continuer son apprentissage . La veuve Doré
1210 1505 3578 1656 n'ayant pas accepté cette proposition de conciliation la cause fut
1190 1607 3584 1771 renvoyée devant le Bureau Général dudit Conseil séant le vendredi
1177 1725 3578 1881 quatre juin mil huit Cent Cinquante huit. Citée pour le dit jour
1180 1838 3563 1996 quatre Juin la veuve Doré comparut. A l'appel de la cause
1177 1976 3578 2109 Simon se présenta et conclut à ce qu'il plut au Bureau Général
1180 2083 3560 2214 du dit Conseil Dire et ordonner que dans le jour du jugement a
1172 2186 3571 2332 intervenir la mineure Emélie Doré sera tenue de rentrer dans
1195 2293 3537 2444 ses ateliers pour y continuer son apprentissage aux termes des
1164 2406 3553 2557 conventions verbales d'apprentissage établis le dix huit novembre
1167 2513 3560 2664 mil huit Cent Cinquante six sinon et faute par elle de ce faire
1192 2631 3543 2775 par sa mère de l'y contraindre Condamner dès à présent la
1180 2731 3532 2890 veuve Doré à lui payer avec intérêts suivant la loi la somme de
1177 2849 3553 2992 deux Cents francs à titre d'indemnité et la condamner aux dépens
