<?xml version="1.0" encoding="UTF-8"  standalone="yes"?>
<PcGts xmlns="http://schema.primaresearch.org/PAGE/gts/pagecontent/2019-07-15" xmlns:xsi="http://www.w3.org/2001/XMLSchema-instance" xsi:schemaLocation="http://schema.primaresearch.org/PAGE/gts/pagecontent/2019-07-15 http://schema.primaresearch.org/PAGE/gts/pagecontent/2019-07-15/pagecontent.xsd">
  <Metadata>
	<Creator>escriptorium</Creator>
	<Created>2022-02-22T22:27:02.835580+00:00</Created>
        <LastChange>2022-02-22T22:27:02.835602+00:00</LastChange>

  </Metadata>
  <Page imageFilename="PH 1858-521 a.jpg" imageWidth="4608" imageHeight="3072">

    

    
    <TextRegion id="eSc_dummyblock_">
    
    
      <TextLine id="r2l1" >
        <Coords points="1408,401 1415,340 1533,340 1615,320 1640,320 1671,340 1715,340 1745,320 1779,332 1812,327 1832,340 1909,340 1940,320 1968,317 2017,337 2091,337 2122,317 2288,317 2319,337 2355,317 2408,327 2429,317 2460,337 2506,337 2565,314 2780,317 2831,335 2887,325 2910,335 3025,327 3048,335 3064,325 3097,335 3133,317 3187,332 3230,314 3281,314 3302,327 3335,320 3520,332 3550,314 3576,314 3601,332 3627,332 3637,391 3627,419 3458,419 3394,381 3279,376 3248,381 3189,419 3130,419 3107,404 3092,414 3041,378 2915,378 2880,396 2839,386 2800,412 2777,399 2705,394 2685,378 2534,378 2508,396 2467,381 2393,419 2339,386 2270,401 2216,384 2150,399 2112,389 2073,407 2040,404 2012,424 1971,427 1845,427 1789,407 1625,407 1559,419 1510,404 1459,419 1431,414 1413,427"/>
        <Baseline points="1409,402 1520,402 1631,400 1743,398 1854,393 1966,390 2077,386 2189,381 2300,378 2412,374 2523,371 2634,367 2746,365 2857,363 2969,363 3080,363 3192,366 3303,369 3415,374 3526,382 3638,392"/>
        <TextEquiv>
          <Unicode>acceptèrent cette proposition de Conciliation ; Mais elle fut repoussée par </Unicode>
        </TextEquiv>
      </TextLine>

    
    
      <TextLine id="r2l2" >
        <Coords points="1402,501 1415,450 1520,450 1548,432 1597,445 1658,414 1838,414 1889,448 2137,448 2152,437 2186,448 2222,422 2327,440 2388,432 2414,414 2744,407 2780,430 2826,409 2872,407 2910,432 2995,430 3020,442 3079,417 3118,414 3159,442 3194,419 3266,422 3292,440 3366,404 3425,404 3486,440 3612,440 3622,488 3584,504 3502,486 3471,501 3443,483 3409,499 3379,481 3356,491 3315,476 2961,478 2936,491 2903,478 2846,478 2721,506 2705,496 2565,499 2544,483 2513,481 2475,481 2449,496 2432,483 2362,481 2278,506 2250,491 2155,491 2099,514 2032,514 2009,499 1950,514 1408,517"/>
        <Baseline points="1404,504 1520,503 1637,501 1754,500 1871,497 1987,494 2104,489 2221,485 2338,482 2455,477 2571,474 2688,471 2805,468 2922,467 3039,467 3155,468 3272,471 3389,475 3506,482 3623,489"/>
        <TextEquiv>
          <Unicode>la dame Duroy. La cause ou cet état fus renvoyée devant le Bureau</Unicode>
        </TextEquiv>
      </TextLine>

    
    
      <TextLine id="r2l3" >
        <Coords points="1423,606 1431,558 1605,558 1681,514 1717,512 1848,522 1889,550 1912,547 1963,512 2040,552 2096,522 2158,522 2181,509 2283,545 2337,535 2355,547 2380,550 2403,537 2439,545 2516,512 2531,522 2549,514 2611,550 2664,524 2746,550 2869,550 2984,522 3028,499 3289,496 3356,496 3417,532 3450,529 3476,512 3530,540 3630,545 3640,591 3632,604 3555,604 3491,588 3440,591 3422,604 3392,583 3292,583 3258,599 3184,586 2918,586 2841,588 2808,609 2785,609 2757,588 2624,588 2542,611 2498,601 2447,611 2383,593 2332,609 2309,593 2255,591 2240,601 2173,593 2129,614 2076,601 2058,614 1889,606 1789,616 1431,616"/>
        <Baseline points="1424,608 1534,608 1645,606 1756,604 1867,602 1978,598 2089,594 2199,590 2310,587 2421,584 2532,579 2643,577 2754,575 2865,573 2975,572 3086,572 3197,573 3308,576 3419,581 3530,587 3641,593"/>
        <TextEquiv>
          <Unicode>général dudit Conseil réuni en Bureau Général le Vendredi du Vingt</Unicode>
        </TextEquiv>
      </TextLine>

    
    
      <TextLine id="r2l4" >
        <Coords points="1405,711 1413,629 1456,619 1495,616 1543,650 1610,650 1669,627 1710,650 1774,650 1825,647 1912,616 1955,647 2071,609 2124,624 2163,601 2250,601 2350,645 2526,645 2577,616 2626,629 2662,606 2752,642 2816,599 2903,596 2946,596 2977,616 3010,596 3217,596 3274,634 3322,637 3356,637 3379,622 3409,637 3496,637 3550,611 3586,632 3627,637 3637,696 3486,704 3363,686 3330,704 3284,691 3264,704 3215,706 3184,691 2977,698 2905,688 2705,698 2675,691 2657,704 2554,691 2519,709 2444,693 2398,709 2355,696 2291,706 2240,693 2160,696 2127,714 1943,706 1410,716"/>
        <Baseline points="1407,714 1518,713 1630,711 1741,708 1853,704 1964,701 2076,698 2187,693 2299,690 2410,686 2522,684 2634,681 2745,678 2857,677 2968,677 3080,677 3191,678 3303,681 3414,686 3526,690 3638,698"/>
        <TextEquiv>
          <Unicode>huit Mai mil huit Cent Cinquante huit. Cité pour ledit jour vingt</Unicode>
        </TextEquiv>
      </TextLine>

    
    
      <TextLine id="r2l5" >
        <Coords points="1402,819 1415,768 1489,768 1505,757 1602,768 1646,737 1671,744 1687,734 1720,752 1768,727 1866,727 1925,765 2073,762 2140,727 2237,721 2286,721 2355,744 2388,721 2455,721 2485,737 2544,737 2575,757 2649,727 2675,737 2708,719 2795,716 2854,742 2910,732 2936,750 3010,719 3061,752 3112,724 3189,752 3304,752 3356,716 3417,729 3448,711 3520,750 3622,750 3632,798 3609,821 3568,801 3496,811 3473,796 3420,791 3392,803 3258,793 3069,806 3038,796 2880,798 2836,829 2790,832 2695,832 2647,798 2516,798 2457,834 2309,834 2206,803 2152,821 2124,814 2104,829 2040,811 1989,834 1940,816 1884,819 1850,839 1820,837 1799,821 1751,832 1712,819 1684,819 1658,834 1643,824 1617,834 1594,824 1556,837 1497,821 1408,832"/>
        <Baseline points="1403,821 1514,819 1626,817 1737,815 1849,812 1961,809 2072,805 2184,801 2295,798 2407,795 2519,792 2630,789 2742,788 2853,786 2965,785 3077,785 3188,786 3300,788 3411,791 3523,794 3635,800"/>
        <TextEquiv>
          <Unicode>huit Mai Duroy ne Comparut pas. A l&#39;appel de la cause les époux</Unicode>
        </TextEquiv>
      </TextLine>

    
    
      <TextLine id="r2l6" >
        <Coords points="1425,916 1433,839 1459,829 1584,839 1628,860 1676,855 1712,834 1768,865 1792,865 1838,860 1896,826 1968,829 2014,860 2127,862 2163,834 2206,860 2411,860 2465,832 2521,860 2647,857 2698,837 2731,857 2813,857 2839,839 2867,855 2913,824 2990,819 3046,844 3092,842 3112,855 3176,819 3248,842 3299,826 3322,834 3351,816 3507,816 3540,826 3599,816 3627,832 3637,901 3617,924 3566,903 3525,919 3476,906 3443,926 3358,926 3325,903 3304,911 3279,901 2969,901 2928,906 2895,931 2772,931 2731,903 2695,903 2629,931 2570,906 2488,908 2460,926 2403,906 2362,916 2342,906 2275,906 2224,931 2168,913 2150,926 2117,913 2099,926 2017,913 1958,921 1935,936 1866,924 1848,936 1781,939 1712,916 1684,934 1658,921 1431,939"/>
        <Baseline points="1427,918 1537,918 1648,918 1758,917 1869,915 1979,912 2090,909 2200,906 2311,903 2421,899 2532,896 2643,893 2753,891 2864,888 2974,887 3085,887 3195,888 3306,890 3416,893 3527,897 3638,903"/>
        <TextEquiv>
          <Unicode>Gathelier se présentèrent et conclurent à ce qu&#39;il plut au Bureau Général</Unicode>
        </TextEquiv>
      </TextLine>

    
    
      <TextLine id="r2l7" >
        <Coords points="1420,1026 1428,965 1448,957 1487,957 1530,975 1561,962 1584,972 1612,960 1674,965 1699,952 1735,960 1758,947 1784,960 1830,949 1863,972 1899,972 1953,965 1996,934 2155,934 2188,936 2250,970 2332,931 2393,954 2447,936 2480,952 2531,929 2618,929 2636,942 2662,929 2744,929 2803,965 2997,952 3028,962 3205,960 3238,936 3251,942 3271,929 3299,942 3333,924 3399,957 3448,957 3543,921 3596,957 3640,954 3650,1006 3637,1031 3555,1031 3509,1016 3473,1024 3420,1003 3361,1034 3197,1034 3148,1006 3059,1008 3041,1021 2990,1011 2959,1026 2918,1008 2785,1021 2744,1011 2598,1011 2496,1029 2457,1018 2380,1029 2365,1018 2347,1031 2291,1018 2265,1034 2209,1021 2186,1036 2101,1036 2076,1021 1981,1024 1963,1034 1789,1024 1699,1041 1674,1029 1602,1049 1551,1034 1477,1049 1425,1034"/>
        <Baseline points="1422,1029 1533,1028 1645,1028 1756,1026 1868,1023 1979,1022 2091,1019 2202,1016 2314,1013 2425,1010 2537,1007 2649,1005 2760,1002 2872,1001 2983,999 3095,999 3206,999 3318,999 3429,1001 3541,1004 3653,1008"/>
        <TextEquiv>
          <Unicode>du dit Conseil donner défaut contre Duroy, ès noms et qualités qu&#39;il agit</Unicode>
        </TextEquiv>
      </TextLine>

    
    
      <TextLine id="r2l8" >
        <Coords points="1415,1136 1423,1080 1474,1093 1497,1077 1538,1098 1617,1059 1687,1059 1758,1085 1786,1072 1817,1093 1891,1077 1937,1093 2022,1093 2081,1059 2147,1082 2224,1090 2286,1052 2347,1085 2401,1057 2439,1077 2506,1085 2536,1064 2570,1072 2636,1047 2680,1047 2741,1080 2828,1080 2877,1044 2959,1080 3041,1080 3097,1057 3138,1077 3176,1064 3197,1075 3304,1075 3371,1039 3543,1036 3596,1072 3632,1072 3642,1108 3635,1123 3596,1113 3555,1123 3525,1111 3481,1123 3430,1111 3376,1126 3340,1111 3299,1126 3269,1111 3194,1113 3174,1128 3079,1113 3043,1126 2992,1116 2946,1131 2920,1116 2844,1116 2705,1118 2690,1128 2654,1118 2465,1121 2432,1134 2375,1126 2357,1139 2334,1126 2283,1123 2227,1141 2163,1141 2150,1131 2014,1141 1996,1128 1945,1141 1879,1128 1820,1146 1648,1146 1630,1134 1582,1149 1420,1144"/>
        <Baseline points="1416,1137 1527,1136 1638,1134 1750,1131 1861,1128 1973,1126 2084,1124 2195,1121 2307,1118 2418,1115 2530,1113 2641,1110 2752,1109 2864,1107 2975,1106 3087,1104 3198,1104 3309,1104 3421,1106 3532,1107 3644,1110"/>
        <TextEquiv>
          <Unicode>non cons avant ni par soin ni pour lui régulièrement quoique dument</Unicode>
        </TextEquiv>
      </TextLine>

    
    
      <TextLine id="r2l9" >
        <Coords points="1425,1244 1433,1192 1487,1192 1536,1159 1553,1169 1579,1152 1610,1149 1635,1149 1689,1175 1710,1167 1748,1190 1781,1175 1809,1187 1896,1187 1958,1146 1984,1146 2045,1182 2101,1185 2163,1152 2193,1157 2222,1141 2342,1141 2408,1177 2470,1169 2516,1180 2552,1152 2575,1157 2611,1141 2626,1149 2680,1139 2739,1175 2790,1175 2862,1134 2941,1131 3002,1167 3051,1157 3102,1128 3179,1128 3217,1144 3238,1128 3299,1126 3368,1167 3425,1167 3443,1154 3471,1164 3640,1164 3650,1213 3640,1241 3607,1223 3553,1233 3527,1223 3471,1241 3438,1218 3381,1233 3363,1221 3258,1228 3217,1218 3166,1223 3151,1213 3038,1239 3005,1236 2967,1216 2946,1226 2859,1221 2833,1233 2795,1218 2718,1246 2685,1226 2657,1241 2629,1226 2580,1236 2554,1223 2490,1236 2442,1228 2416,1241 2378,1231 2355,1244 2250,1231 2142,1264 1953,1267 1896,1241 1873,1249 1807,1236 1751,1249 1735,1239 1687,1239 1635,1249 1620,1241 1543,1272 1433,1272"/>
        <Baseline points="1428,1245 1539,1242 1650,1239 1761,1236 1873,1234 1984,1232 2095,1229 2206,1227 2318,1224 2429,1223 2540,1220 2651,1218 2763,1217 2874,1215 2985,1214 3096,1214 3208,1214 3319,1212 3430,1212 3541,1214 3653,1214"/>
        <TextEquiv>
          <Unicode>appelé et pour le profit Dise avoir donner que dans le jour du jugement</Unicode>
        </TextEquiv>
      </TextLine>

    
    
      <TextLine id="r2l10" >
        <Coords points="1420,1346 1425,1310 1489,1310 1556,1272 1620,1290 1646,1277 1687,1277 1763,1308 1797,1292 1815,1305 2076,1303 2099,1287 2142,1303 2181,1282 2252,1290 2280,1272 2309,1282 2327,1269 2365,1287 2408,1269 2480,1297 2557,1254 2677,1254 2726,1267 2746,1251 2869,1249 2959,1269 3041,1269 3072,1246 3210,1246 3261,1267 3289,1256 3348,1285 3443,1282 3463,1267 3522,1259 3545,1274 3589,1280 3601,1315 3576,1331 3246,1326 3235,1336 3125,1328 3046,1338 3020,1328 3005,1338 2931,1338 2887,1328 2872,1341 2849,1331 2693,1331 2498,1346 2391,1336 2355,1346 2329,1336 2280,1349 2163,1338 2142,1351 2073,1351 2058,1341 2009,1351 1966,1341 1843,1354 1792,1344 1712,1356 1625,1346 1592,1359 1505,1349 1425,1359"/>
        <Baseline points="1421,1349 1530,1346 1639,1343 1748,1341 1857,1338 1966,1337 2075,1334 2184,1332 2293,1329 2402,1328 2511,1326 2620,1325 2729,1323 2838,1322 2947,1320 3056,1319 3165,1319 3274,1317 3383,1317 3492,1316 3602,1316"/>
        <TextEquiv>
          <Unicode>à intervenir Duroy sera tenu de faire rentrer sa fille maria dans</Unicode>
        </TextEquiv>
      </TextLine>

    
    
      <TextLine id="r2l11" >
        <Coords points="1418,1454 1423,1408 1523,1405 1541,1392 1566,1408 1597,1408 1643,1374 1671,1374 1692,1390 1712,1382 1756,1395 1781,1377 1820,1400 1896,1392 1912,1402 1971,1402 2009,1382 2071,1400 2163,1372 2211,1382 2245,1367 2260,1377 2316,1367 2357,1384 2375,1372 2398,1379 2419,1364 2455,1379 2475,1364 2531,1361 2590,1392 2616,1392 2644,1379 2662,1387 2716,1359 2769,1379 2790,1364 2810,1372 2831,1359 2877,1382 2895,1374 2920,1387 3002,1387 3059,1359 3107,1379 3148,1354 3210,1354 3274,1384 3333,1382 3366,1359 3399,1364 3417,1351 3486,1349 3535,1379 3586,1369 3630,1379 3640,1423 3630,1454 3594,1438 3563,1454 3463,1456 3381,1456 3351,1438 3315,1456 3281,1433 3238,1459 3156,1459 3130,1441 3092,1441 3069,1454 3041,1436 2949,1446 2910,1436 2882,1451 2862,1443 2844,1456 2818,1446 2803,1454 2785,1443 2744,1459 2703,1443 2629,1454 2580,1441 2547,1464 2526,1451 2478,1461 2437,1446 2421,1456 2370,1446 2347,1461 2311,1454 2291,1466 2265,1448 2242,1459 2222,1448 2176,1451 2155,1469 2132,1454 2083,1454 2022,1472 1976,1454 1902,1461 1881,1477 1815,1477 1774,1459 1671,1456 1638,1466 1489,1456 1451,1466 1423,1456"/>
        <Baseline points="1419,1455 1530,1454 1641,1452 1752,1449 1863,1448 1974,1446 2085,1445 2196,1443 2307,1442 2418,1440 2530,1439 2641,1437 2752,1435 2863,1434 2974,1431 3085,1430 3196,1429 3307,1427 3418,1426 3529,1425 3641,1424"/>
        <TextEquiv>
          <Unicode>leurs ateliers pour y continuer son apprentissage sinon et faute pour</Unicode>
        </TextEquiv>
      </TextLine>

    
    
      <TextLine id="r2l12" >
        <Coords points="1425,1553 1433,1507 1495,1472 1520,1474 1576,1512 1646,1492 1689,1510 1763,1469 1799,1469 1850,1505 1881,1507 1963,1466 2017,1466 2053,1487 2101,1464 2132,1464 2170,1487 2214,1482 2298,1505 2416,1502 2490,1461 2524,1459 2613,1459 2644,1479 2680,1479 2708,1495 2736,1482 2764,1497 2841,1456 3010,1454 3092,1495 3166,1495 3520,1489 3576,1448 3599,1448 3617,1461 3627,1528 3619,1546 3458,1538 3404,1551 3358,1541 3338,1551 3205,1541 3184,1553 3025,1543 2964,1556 2882,1546 2787,1546 2772,1556 2757,1546 2744,1556 2695,1548 2670,1559 2544,1551 2480,1561 2424,1551 2370,1561 2324,1551 2304,1564 2109,1553 2083,1566 2040,1556 1907,1566 1873,1556 1807,1569 1745,1559 1689,1559 1676,1569 1656,1559 1576,1571 1433,1569"/>
        <Baseline points="1428,1556 1538,1556 1648,1554 1758,1553 1868,1552 1978,1551 2088,1550 2198,1547 2308,1546 2418,1544 2528,1542 2638,1541 2748,1539 2858,1538 2968,1536 3078,1535 3188,1533 3298,1532 3408,1532 3518,1530 3629,1530"/>
        <TextEquiv>
          <Unicode>lui de ce faire dans ledit jour et icelui par le condamner à leur</Unicode>
        </TextEquiv>
      </TextLine>

    
    
      <TextLine id="r2l13" >
        <Coords points="1402,1666 1413,1620 1448,1620 1482,1597 1515,1600 1546,1620 1630,1617 1653,1605 1704,1617 1797,1617 1820,1600 1873,1607 1932,1584 1989,1584 2063,1605 2096,1584 2129,1582 2176,1612 2260,1592 2311,1602 2337,1592 2368,1610 2421,1576 2444,1576 2490,1602 2549,1576 2618,1574 2677,1574 2731,1605 2749,1592 2805,1602 2890,1571 2941,1571 2982,1594 3023,1574 3043,1582 3059,1571 3138,1594 3256,1587 3279,1574 3356,1594 3397,1566 3466,1564 3504,1589 3614,1594 3624,1638 3614,1656 3394,1648 3281,1658 3248,1648 3223,1661 3192,1648 3161,1661 3105,1653 2949,1664 2908,1651 2851,1664 2839,1653 2749,1664 2675,1653 2639,1664 2618,1656 2606,1666 2583,1658 2567,1669 2519,1669 2501,1656 2398,1669 2260,1658 2242,1671 2163,1674 2063,1664 2050,1674 2001,1676 1978,1666 1960,1676 1937,1666 1822,1664 1753,1676 1666,1666 1640,1679 1607,1666 1533,1679 1456,1669 1408,1681"/>
        <Baseline points="1403,1668 1514,1667 1625,1665 1736,1664 1847,1661 1958,1659 2069,1658 2181,1656 2292,1655 2403,1653 2514,1651 2625,1650 2736,1648 2847,1647 2959,1646 3070,1644 3181,1643 3292,1642 3403,1641 3514,1641 3626,1640"/>
        <TextEquiv>
          <Unicode>payer avec intéréts suivant la loi la somme de quatrevints francs à</Unicode>
        </TextEquiv>
      </TextLine>

    
    
      <TextLine id="r2l14" >
        <Coords points="1413,1768 1418,1697 1520,1697 1556,1722 1587,1728 1617,1712 1646,1733 1751,1733 1925,1720 1999,1728 2053,1710 2086,1720 2112,1699 2155,1692 2219,1704 2245,1687 2275,1697 2293,1684 2324,1684 2378,1699 2442,1681 2539,1681 2565,1692 2588,1684 2652,1717 2769,1717 2808,1712 2874,1676 2959,1674 3020,1712 3064,1712 3148,1671 3212,1681 3248,1671 3353,1707 3632,1697 3642,1735 3632,1758 3619,1751 3589,1768 3558,1753 3530,1768 3466,1771 3358,1771 3333,1753 3310,1753 3253,1774 3192,1763 3174,1774 3092,1774 2995,1758 2887,1761 2846,1779 2792,1761 2700,1774 2685,1763 2634,1771 2611,1758 2583,1774 2562,1763 2439,1763 2414,1781 2373,1781 2355,1768 2337,1779 2245,1768 2216,1781 2176,1768 2132,1779 2099,1766 2065,1779 2007,1766 1976,1784 1909,1768 1850,1779 1776,1768 1751,1789 1661,1771 1548,1789 1525,1774 1418,1774"/>
        <Baseline points="1415,1769 1526,1767 1637,1767 1749,1766 1860,1766 1972,1764 2083,1763 2195,1761 2306,1761 2418,1759 2529,1758 2640,1756 2752,1754 2863,1752 2975,1751 3086,1749 3198,1746 3309,1745 3421,1742 3532,1740 3644,1737"/>
        <TextEquiv>
          <Unicode>titre de dommages-intérêts et le condamner en outre aux dépents .</Unicode>
        </TextEquiv>
      </TextLine>

    
    
      <TextLine id="r2l15" >
        <Coords points="1428,1873 1436,1840 1553,1840 1615,1794 1715,1794 1735,1804 1751,1794 1909,1792 1960,1817 1999,1789 2086,1789 2114,1807 2135,1797 2160,1815 2224,1797 2255,1817 2296,1812 2350,1830 2396,1827 2424,1812 2447,1822 2498,1799 2544,1799 2585,1817 2631,1792 2654,1792 2685,1812 2844,1792 2880,1817 2908,1817 2977,1776 3036,1776 3100,1817 3366,1815 3399,1799 3425,1815 3463,1815 3496,1797 3548,1812 3604,1812 3630,1799 3650,1843 3640,1853 3463,1866 3435,1856 3397,1868 3351,1856 3266,1876 3174,1876 3148,1858 3051,1879 2936,1876 2913,1863 2836,1881 2795,1873 2680,1884 2654,1873 2634,1884 2536,1886 2255,1871 2196,1881 2170,1871 2155,1881 2117,1876 2096,1891 2045,1876 2014,1889 1971,1881 1948,1894 1825,1881 1725,1896 1651,1896 1633,1886 1610,1899 1589,1884 1477,1881 1461,1891 1433,1881"/>
        <Baseline points="1431,1874 1542,1874 1653,1872 1764,1872 1875,1871 1986,1870 2097,1869 2208,1868 2319,1868 2430,1866 2541,1865 2652,1865 2763,1863 2874,1861 2985,1860 3096,1857 3207,1856 3318,1853 3429,1851 3540,1848 3651,1845"/>
        <TextEquiv>
          <Unicode>Point de droit — Doit on donner défaut contre Duroy non comparant</Unicode>
        </TextEquiv>
      </TextLine>

    
    
      <TextLine id="r2l16" >
        <Coords points="1420,1981 1425,1927 1474,1935 1500,1917 1610,1943 1684,1920 1794,1930 1820,1909 1848,1927 1889,1909 1912,1922 1935,1909 1966,1922 1986,1907 2017,1904 2060,1925 2094,1909 2196,1930 2245,1909 2286,1932 2547,1930 2606,1914 2647,1927 2670,1917 2805,1927 2867,1925 2895,1909 2910,1920 2928,1909 2951,1925 3000,1904 3033,1904 3066,1922 3105,1902 3130,1914 3161,1894 3179,1907 3235,1886 3435,1884 3514,1884 3581,1917 3607,1917 3640,1894 3650,1953 3640,1963 3586,1963 3560,1981 3520,1976 3494,1994 3450,1968 3389,2004 3338,1973 3281,1971 3230,2009 2990,2012 2951,1986 2910,2001 2874,1976 2844,1986 2744,1981 2685,2014 2629,2017 2513,2017 2455,1986 2398,1996 2368,1981 2342,1994 2301,1976 2237,1973 2129,1996 2112,1984 2088,1996 2071,1984 1953,1984 1937,1994 1914,1981 1866,1981 1817,2001 1774,1986 1743,1994 1715,1984 1666,1999 1628,1991 1610,2004 1538,1986 1495,1994 1479,1984 1428,1984"/>
        <Baseline points="1422,1983 1533,1982 1645,1980 1756,1979 1868,1979 1979,1977 2091,1976 2202,1976 2314,1974 2425,1974 2537,1973 2649,1971 2760,1970 2872,1970 2983,1968 3095,1967 3206,1965 3318,1962 3429,1961 3541,1958 3653,1955"/>
        <TextEquiv>
          <Unicode>ni personne pour lui quoique dument appelé et pour le profit adjuger aux</Unicode>
        </TextEquiv>
      </TextLine>

    
    
      <TextLine id="r2l17" >
        <Coords points="1438,2088 1446,2048 1472,2060 1505,2048 1525,2058 1561,2042 1600,2055 1653,2045 1679,2058 1712,2042 1751,2058 1820,2058 1881,2022 1955,2035 1978,2022 2040,2019 2199,2019 2252,2048 2286,2037 2378,2048 2426,2022 2521,2048 2636,2048 2662,2030 2700,2030 2731,2045 2867,2042 2890,2030 3038,2042 3120,2019 3148,2040 3223,2040 3274,2004 3348,2004 3368,2019 3392,2004 3558,2001 3601,2012 3617,2001 3630,2009 3640,2060 3584,2081 3543,2068 3517,2081 3445,2071 3417,2083 3343,2083 3297,2071 3228,2086 3061,2086 3043,2076 2900,2078 2885,2088 2818,2078 2734,2091 2705,2078 2654,2088 2577,2081 2529,2094 2462,2086 2437,2096 2301,2088 2247,2096 2229,2086 2188,2096 2094,2086 2078,2096 2053,2086 1994,2088 1976,2101 1840,2091 1817,2104 1776,2104 1748,2091 1640,2096 1620,2106 1443,2094"/>
        <Baseline points="1440,2091 1550,2088 1660,2087 1770,2085 1880,2084 1990,2082 2100,2081 2210,2080 2320,2079 2430,2078 2540,2076 2650,2076 2760,2075 2870,2073 2980,2072 3090,2070 3200,2069 3310,2067 3420,2066 3530,2063 3641,2061"/>
        <TextEquiv>
          <Unicode>demandeurs les conclusions par eux précèdemment prises ? Que doit-il</Unicode>
        </TextEquiv>
      </TextLine>

    
    
      <TextLine id="r2l18" >
        <Coords points="1423,2186 1431,2112 1443,2109 1507,2109 1533,2127 1574,2112 1594,2124 1702,2119 1743,2142 1784,2122 1817,2124 1843,2106 1886,2124 1958,2104 2106,2101 2158,2124 2196,2104 2270,2122 2321,2099 2401,2140 2583,2137 2613,2119 2641,2137 2754,2137 2813,2135 2900,2094 2982,2091 3059,2091 3118,2132 3351,2129 3420,2112 3445,2094 3491,2112 3540,2099 3584,2112 3642,2091 3653,2160 3589,2188 3560,2173 3491,2173 3368,2196 3312,2193 3289,2178 3228,2186 3207,2173 3133,2199 3059,2183 2977,2201 2872,2183 2757,2196 2713,2186 2641,2196 2613,2188 2590,2204 2534,2206 2383,2206 2362,2193 2304,2204 2255,2183 2170,2201 2132,2188 2032,2196 1932,2186 1825,2193 1804,2206 1743,2191 1669,2211 1635,2193 1602,2214 1541,2193 1431,2196"/>
        <Baseline points="1425,2187 1536,2186 1647,2185 1759,2184 1870,2184 1982,2184 2093,2183 2205,2183 2316,2183 2428,2181 2539,2181 2650,2180 2762,2180 2873,2178 2985,2177 3096,2175 3208,2174 3319,2171 3431,2168 3542,2165 3654,2162"/>
        <TextEquiv>
          <Unicode>être statué à l&#39;égard des époux ? Après avoir entendu les époux Gathelier</Unicode>
        </TextEquiv>
      </TextLine>

    
    
      <TextLine id="r2l19" >
        <Coords points="1408,2293 1413,2255 1433,2240 1497,2263 1541,2237 1589,2237 1638,2260 1679,2237 1710,2250 1743,2234 1807,2265 1907,2263 1976,2232 2037,2260 2104,2250 2127,2260 2204,2260 2237,2242 2301,2245 2327,2227 2398,2227 2442,2255 2475,2255 2529,2227 2603,2255 2644,2240 2695,2252 2810,2252 2874,2219 2992,2227 3023,2216 3120,2216 3164,2247 3212,2247 3409,2245 3466,2237 3527,2211 3624,2211 3635,2265 3609,2286 3517,2280 3491,2291 3432,2280 3386,2298 3264,2291 3225,2301 2849,2296 2746,2306 2670,2293 2618,2309 2524,2309 2496,2296 2419,2296 2388,2311 2370,2298 2319,2309 2298,2296 2245,2296 2199,2309 2088,2301 2063,2314 2004,2306 1984,2316 1917,2301 1699,2304 1679,2314 1610,2304 1587,2316 1571,2306 1523,2306 1510,2316 1495,2306 1413,2306"/>
        <Baseline points="1410,2294 1521,2293 1632,2292 1743,2291 1855,2291 1966,2291 2077,2291 2189,2291 2300,2291 2411,2291 2523,2291 2634,2291 2745,2289 2856,2289 2968,2288 3079,2286 3190,2283 3302,2280 3413,2277 3524,2273 3636,2268"/>
        <TextEquiv>
          <Unicode>en leurs demandes et conclusions et en avoir délibéré conformément à la </Unicode>
        </TextEquiv>
      </TextLine>

    
    
      <TextLine id="r2l20" >
        <Coords points="1400,2403 1408,2332 1530,2332 1548,2344 1569,2332 1666,2342 1717,2334 1740,2344 1917,2344 1950,2362 2012,2362 2045,2337 2073,2355 2104,2350 2119,2360 2183,2360 2201,2347 2234,2357 2306,2357 2321,2347 2391,2355 2457,2334 2508,2342 2547,2321 2595,2352 2626,2355 2677,2316 2813,2316 2903,2344 2936,2329 2972,2350 3146,2347 3174,2332 3202,2347 3258,2309 3432,2309 3484,2342 3517,2342 3545,2327 3596,2337 3637,2314 3648,2375 3537,2398 3514,2388 3471,2416 3443,2416 3407,2393 3379,2396 3328,2419 3304,2414 3279,2429 3240,2432 3171,2432 3095,2401 3036,2416 3015,2403 2972,2414 2931,2398 2833,2398 2792,2419 2746,2396 2634,2396 2552,2439 2306,2442 2240,2403 2204,2411 2050,2401 1994,2403 1963,2419 1935,2414 1912,2429 1873,2408 1832,2419 1592,2408 1507,2452 1405,2452"/>
        <Baseline points="1401,2406 1513,2403 1625,2400 1738,2399 1850,2397 1962,2396 2075,2395 2187,2394 2299,2394 2412,2394 2524,2393 2636,2393 2749,2393 2861,2391 2973,2390 3086,2390 3198,2388 3310,2385 3423,2383 3535,2379 3648,2376"/>
        <TextEquiv>
          <Unicode>loi ; Attendu que la demande des époux Gathelier et juste et fondée ; que</Unicode>
        </TextEquiv>
      </TextLine>

    
    
      <TextLine id="r2l21" >
        <Coords points="1433,2503 1441,2465 1484,2472 1523,2447 1541,2457 1566,2439 1648,2447 1694,2434 1738,2444 1761,2437 1779,2449 1845,2439 1876,2460 1907,2449 1940,2467 2040,2437 2065,2455 2124,2467 2260,2429 2350,2465 2452,2465 2529,2447 2565,2426 2721,2424 2785,2457 2808,2444 2864,2460 3061,2449 3171,2457 3187,2447 3233,2457 3325,2455 3432,2419 3563,2416 3622,2442 3655,2429 3665,2480 3658,2513 3609,2490 3489,2490 3440,2521 3299,2521 3276,2506 3240,2503 3225,2516 3205,2506 3143,2516 3079,2503 3028,2524 2995,2506 2972,2519 2931,2503 2844,2506 2823,2519 2795,2501 2718,2503 2693,2516 2672,2506 2636,2516 2613,2508 2598,2519 2580,2506 2557,2503 2536,2516 2490,2501 2416,2531 2219,2529 2163,2506 2132,2506 2096,2526 2048,2513 1996,2513 1966,2526 1948,2513 1891,2516 1866,2531 1792,2511 1763,2524 1720,2511 1689,2524 1671,2513 1559,2524 1541,2511 1441,2521"/>
        <Baseline points="1435,2506 1596,2505 1705,2504 1814,2502 1923,2502 2032,2501 2141,2501 2250,2501 2359,2499 2468,2499 2577,2499 2685,2499 2794,2498 2903,2498 3012,2496 3121,2495 3230,2493 3339,2490 3448,2487 3557,2485 3666,2481"/>
        <TextEquiv>
          <Unicode>d&#39;ailleurs elle n&#39;est pas contestée par Duroy non comparant ni personne</Unicode>
        </TextEquiv>
      </TextLine>

    
    
      <TextLine id="r2l22" >
        <Coords points="1438,2606 1443,2534 1525,2536 1551,2552 1617,2542 1633,2549 1664,2531 1704,2554 1740,2552 1763,2534 1781,2542 1830,2529 1879,2562 1907,2562 1989,2526 2012,2526 2060,2560 2094,2557 2114,2542 2160,2557 2204,2547 2227,2554 2255,2531 2301,2554 2385,2554 2442,2552 2488,2519 2544,2516 2593,2519 2652,2549 2716,2534 2749,2513 3000,2544 3041,2519 3069,2524 3097,2508 3156,2516 3210,2506 3258,2539 3333,2539 3422,2536 3450,2516 3473,2526 3525,2501 3604,2501 3632,2516 3648,2506 3658,2570 3648,2583 3522,2583 3486,2606 3453,2593 3330,2618 3289,2603 3189,2608 3179,2618 3087,2603 3054,2621 3002,2624 2913,2606 2862,2626 2672,2629 2647,2611 2593,2600 2519,2613 2416,2611 2398,2600 2385,2611 2283,2608 2268,2618 2250,2606 2117,2606 2078,2626 2045,2629 2022,2613 1968,2608 1871,2621 1845,2606 1753,2621 1715,2611 1671,2618 1656,2608 1541,2621 1523,2611 1446,2611"/>
        <Baseline points="1440,2607 1556,2604 1673,2603 1790,2601 1907,2601 2023,2601 2140,2601 2257,2601 2374,2601 2491,2601 2607,2601 2724,2600 2841,2600 2958,2598 3075,2597 3191,2593 3308,2589 3425,2585 3542,2579 3659,2571"/>
        <TextEquiv>
          <Unicode>pour lui régulièrement  quoi dument appelé ; Par ces motifs</Unicode>
        </TextEquiv>
      </TextLine>

    
    
      <TextLine id="r2l23" >
        <Coords points="1425,2711 1428,2634 1564,2634 1620,2670 1697,2670 1756,2631 1804,2654 1843,2629 1904,2629 1930,2644 1953,2626 2001,2626 2122,2662 2158,2644 2176,2657 2227,2624 2265,2624 2316,2652 2365,2621 2444,2618 2488,2618 2567,2657 2846,2652 2880,2639 2905,2649 2923,2636 2954,2652 3031,2649 3087,2611 3128,2608 3153,2611 3202,2641 3246,2624 3279,2636 3312,2613 3340,2613 3389,2644 3435,2644 3489,2608 3550,2629 3573,2618 3599,2634 3640,2613 3650,2677 3637,2690 3540,2700 3468,2695 3432,2716 2877,2723 2821,2711 2780,2726 2711,2726 2575,2711 2531,2728 2496,2728 2472,2713 2434,2726 2414,2711 2355,2721 2280,2711 2227,2728 2209,2718 2168,2721 2150,2734 2117,2716 2068,2726 2050,2713 1937,2716 1904,2731 1876,2716 1812,2728 1781,2716 1748,2726 1431,2721"/>
        <Baseline points="1428,2712 1539,2709 1650,2707 1761,2706 1872,2705 1983,2705 2094,2705 2206,2705 2317,2706 2428,2706 2539,2706 2650,2706 2761,2706 2872,2706 2984,2705 3095,2703 3206,2700 3317,2696 3428,2693 3539,2687 3651,2679"/>
        <TextEquiv>
          <Unicode>le bureau général jugeant en premier ressort — Donne défaut contre</Unicode>
        </TextEquiv>
      </TextLine>

    
    
      <TextLine id="r2l24" >
        <Coords points="1420,2810 1425,2749 1592,2749 1617,2764 1643,2752 1763,2780 1843,2757 1914,2767 1940,2752 1978,2752 2024,2777 2091,2775 2140,2759 2186,2767 2204,2757 2250,2772 2306,2772 2355,2739 2406,2739 2434,2757 2531,2757 2575,2736 2611,2736 2644,2752 2675,2734 2703,2752 2757,2739 2816,2762 2846,2746 2908,2752 2936,2731 2972,2731 3036,2764 3166,2762 3192,2744 3248,2762 3343,2752 3456,2759 3522,2739 3573,2757 3617,2739 3658,2741 3668,2782 3660,2803 3607,2795 3589,2808 3571,2795 3540,2795 3509,2810 3450,2800 3425,2813 3279,2808 3251,2818 3097,2818 3069,2805 3023,2821 2990,2810 2951,2821 2705,2823 2659,2808 2577,2821 2472,2808 2439,2821 2375,2813 2357,2826 2288,2813 2263,2826 2247,2816 2183,2816 2163,2831 2086,2823 1973,2833 1960,2823 1881,2833 1848,2816 1802,2836 1751,2818 1640,2818 1610,2839 1576,2821 1428,2821"/>
        <Baseline points="1422,2813 1534,2811 1646,2810 1759,2808 1871,2808 1983,2808 2096,2808 2208,2808 2320,2810 2433,2810 2545,2810 2657,2810 2770,2810 2882,2808 2994,2808 3107,2805 3219,2802 3331,2799 3444,2795 3556,2790 3669,2783"/>
        <TextEquiv>
          <Unicode>Duroy non comparant ni personne pour lui régulièrement quoique</Unicode>
        </TextEquiv>
      </TextLine>

    
    
      <TextLine id="r2l25" >
        <Coords points="1451,2910 1456,2839 1484,2849 1505,2839 1633,2839 1756,2872 1781,2854 1807,2869 1861,2833 1899,2851 1927,2833 1950,2846 1976,2833 2076,2867 2122,2844 2155,2867 2178,2867 2280,2864 2309,2846 2337,2862 2380,2851 2401,2862 2478,2862 2575,2823 2670,2823 2693,2839 2777,2828 2844,2856 2908,2856 2977,2821 3031,2854 3092,2854 3266,2851 3304,2821 3361,2846 3407,2813 3463,2810 3555,2810 3596,2839 3642,2846 3653,2880 3642,2895 3543,2895 3530,2905 3499,2897 3430,2926 3279,2926 3235,2915 3215,2928 3174,2928 3148,2915 3105,2928 2987,2913 2964,2923 2810,2918 2718,2933 2693,2915 2611,2928 2585,2910 2547,2926 2378,2910 2339,2923 2321,2913 2260,2913 2227,2936 2201,2920 2178,2928 2109,2918 2086,2931 2040,2915 1953,2946 1920,2946 1861,2920 1817,2949 1679,2949 1640,2920 1592,2936 1507,2923 1456,2946"/>
        <Baseline points="1452,2912 1562,2910 1672,2909 1782,2909 1892,2909 2002,2909 2112,2909 2222,2909 2332,2910 2442,2910 2553,2910 2663,2910 2773,2910 2883,2909 2993,2908 3103,2906 3213,2903 3323,2900 3433,2895 3543,2889 3654,2882"/>
        <TextEquiv>
          <Unicode>dument appelé ; Et adjugeant le profit du dit défaut; Dit et</Unicode>
        </TextEquiv>
      </TextLine>

    
    
      <TextLine id="r2l26" >
        <Coords points="1448,3010 1459,2964 1510,2974 1541,2956 1584,2974 1792,2964 1817,2972 1866,2944 1909,2969 1955,2961 1991,2972 2024,2951 2065,2969 2188,2969 2273,2936 2339,2936 2403,2956 2457,2936 2498,2944 2547,2933 2698,2933 2754,2959 2813,2956 2872,2931 3136,2931 3179,2959 3197,2949 3317,2959 3379,2933 3412,2954 3445,2956 3512,2928 3555,2949 3622,2941 3655,2954 3665,2990 3645,3010 3589,3000 3563,3018 3543,3008 3525,3020 3494,3000 3435,3000 3371,3023 3161,3015 3095,3025 2977,3013 2854,3025 2836,3013 2808,3028 2736,3028 2711,3013 2667,3023 2621,3008 2544,3031 2478,3031 2460,3018 2321,3031 2296,3013 2252,3025 2229,3013 2196,3023 2017,3013 1958,3020 1935,3036 1896,3018 1850,3015 1830,3025 1809,3015 1730,3025 1630,3018 1559,3033 1533,3018 1469,3018 1454,3028"/>
        <Baseline points="1449,3012 1559,3011 1670,3009 1781,3008 1892,3008 2003,3008 2114,3008 2224,3008 2335,3008 2446,3008 2557,3008 2668,3008 2779,3008 2890,3008 3000,3008 3111,3006 3222,3005 3333,3002 3444,2999 3555,2996 3666,2991"/>
        <TextEquiv>
          <Unicode>ordonne que dans le jour qui suivra la signification du présent jugement</Unicode>
        </TextEquiv>
      </TextLine>

    
    </TextRegion>
    
  </Page>
</PcGts>
