3072 4608
572 272 2553 376 deux cent francs à titre d’indemnité pour cause d’inexécution de
545 334 2611 464 Convention verbale d’apprentissage ; Dire Lavoisier et les époux
541 433 2607 564 Eudeline responsables de la dite somme, le premier comme s’étant
545 533 2607 664 porté fort pour la dame veuve Baucher et les époux Eudeline
549 625 2595 744 pour avoir reçu l’apprentie sans qu’elle ai justifié de son acquis
549 725 2592 844 d’apprentissage et les condamner solidairement aux dépens. De son
549 825 2584 936 coté la dame veuve Baucher, ès nom qu’elle agit, se présenta et
549 917 2595 1029 conclut à ce qu’il plut au Bureau Général et du dit Conseil attendu
541 1013 2603 1136 qu’elle n’a pas replacé sa fille chez les époux Eudeline ; attendu aussi
545 1121 2599 1224 qu’elle offre de la faire rentrer chez la demoiselle Bourguignon et de
545 1209 2603 1328 rendre à la fin de son apprentissage le temps qu’elle a perdu par son
533 1313 2615 1424 absence. Par ces motifs déclarer la demoiselle Bourguigon non
533 1409 2584 1505 recevable en sa demander en indemnité et la condamner aux
537 1493 2603 1628 dépens. Point de droit – Devait-on condamner la veuve Baucher
541 1601 2611 1727 à payer à la demoiselle Bourguignon la somme de deux cent francs
537 1689 2607 1816 à titre d’indemnité pour cause d’inexécution de convention
526 1793 2618 1927 verbale d’apprentissage ; Dire Lavoisier et les époux Edeline
533 1889 2603 2035 responsable de la dite somme pour les motifs énoncés par la
526 1981 2611 2127 demanderesse ? Ou bien devait-on sur l’offre  que fait  la dame
526 2085 2603 2223 veuve Baucher de faire rentrer sa fille et de remplacer à la fin de
522 2181 2599 2330 l’apprentissage le temps perdu par son absence déclarer la demoiselle
514 2284 2592 2423 Bourguignon recevable en sa demande ? Que devait-on statuer
499 2369 2603 2534 à l’égard des dépens ? Après avoir entendu le parties en leur demandes
499 2472 2592 2634 et conclusions respectivement et en avoir délibéré conformément à la loi ;
499 2561 2595 2730 Attendu que la demoiselle Bourguignon ne peut être à exiger
499 2668 2592 2833 une indemnité que dans le cas ou la veuve Baucher s’opposerait à
495 2764 2595 2933 l’exécution de l’apprentissage de sa fille ; attendu qu’elle offre au
479 2860 2592 3033 contraire de la laisser continuer cet apprentissage et de rendre à la fin
503 2956 2603 3133 du dit le temps qu’elle a perdu depuis le quinze novembre dernier ;
510 3052 2607 3229 attendu que la demoiselle Bourguignon s’oppose formellement
491 3152 2580 3340 à la rentrée chez elle de l’apprentie ; que dans l’espèce d’inexécution
495 3256 2603 3429 de la convention verbale du quinze mars dernier ne provient plus
510 3344 2592 3532 du fait de la dame veuve Baucher ; qu’il n’y a lieu, dès lors, à lui
483 3444 2599 3636 faire payer une indemnité. Sur ces motifs – Le Bureau Général
487 3532 2607 3728 jugeant en premier ressort  - Dis la convention verbale d’apprentissage
468 3632 2599 3847 dont s’agit résolue par le fait de la demoiselle Bourguignon,
464 3728 2572 3924 Déboute la dite demoiselle Bourguignon de la demande en
476 3820 2576 4028 indemnité ; Condamner la demoiselle Bourguignon aux
499 3916 2580 4139 dépens tant envers les défenseurs qu’envers le Trésor Public
464 4020 2572 4220 ces derniers taxés liquidés à la somme de un franc pour le
464 4108 2584 4362 papier timbré de la présente minute ; conformément à la
