4608 3072
2060 1589 2926 1694 Du dit jour cinq février
1318 1687 3906 1822 Entre madame Rose Gonzales, ouvrière, épouse assistée et autorisée
1300 1804 3888 1948 du sieur Léon Viedenloecher, et ce dernier demeurant ensemble les
1297 1914 3924 2060 dits époux, à Montmartre près Paris, rue Lévis numéro six ; Demandeurs ;
1282 2037 3952 2188 Comparant ; D’une part ; Et Madame veuve Seurat et mademoiselle
1326 2152 3947 2306 Seurat, sa fille blanchisseuse associée, demeurant  et domiciliées à Montmartre
1328 266 3791 371 vingt centimes, et à celle de soixante quinze centimes envers le Trésor
1333 355 3776 481 public pour le papier timbré de la présente minute conformément à la
1313 463 3788 586 loi du sept aout mil huit cen cinquante, ence, non compris le cout du
1313 581 3809 742 présent jugement, la signification et ses suites. Ainsi jugé
1318 675 2631 847 les jours, mois et an que dessus
