4608 3072
1648 1131 3678 1249 d’après leurs ordres. Ne pouvant se faire payer de cette somme   les époux
1648 1223 3671 1341 Grad firent citer les époux Lemonnier à comparaître par devant le
1620 1310 3668 1433 Conseil de Prud’homme pour l’industrie des tissus établi à Paris pour le
1597 1400 3678 1533 Département de la Seine séant en Bureaux Particuliers les Samedi
1610 1518 3673 1620 neuf et Lundi onze Janvier mil huit cent cinquante huit pour se concilier
1602 1589 3704 1715 si faire se pouvait sur la demande qu’il entendaient former contre eux devant
1589 1692 3678 1812 le dit Conseil en paiement de somme de neuf francs qu’ils leur doivent pour
1584 1784 3671 1909 prix de travaux faits par la dame Grad pour leur compte et d’après leurs
1594 1904 3688 1991 ordres. Les époux Lemonnier n’ayant pas comparu la cause fut renvoyée
1602 1976 3688 2088 devant le Bureau Général du dit Conseil séant le Vendredi quinze Janvier
1602 2083 3701 2181 mil huit cent cinquante huit et ajournée au vendredi vingt deux du même
1600 2173 3704 2278 mois. Cités pour le dit jour vingt deux Janvier par exploit de Fontaine,
1571 2268 3694 2378 huissier à Paris, en date du dix huit Janvier mil huit cent cinquante
1582 2360 3676 2475 huit, visé pour timbre et Enregistré à Paris, le dix neuf Janvier
1594 2470 3704 2560 mil huit cent cinquante huit en délier de un franc cinq centimes, folio
1582 2560 3706 2659 quarante trois, case huit, signé : Drevon, les époux Lemonnier ne
1569 2649 3691 2772 comparurent pas. A l’appel de la cause les époux Grad se présentèrent et
1566 2762 3696 2892 Conclurent à ce qu’il plut au Bureau Général du dit Conseil autoriser
