4608 3072
2078 289 2933 378 Du dit jour vingt neuf janvier
1354 355 3729 473 Entre madame Marie Thérèse […], épouse assistée et
1331 458 3755 586 autorisée du sieur Jules Alexandre Yékiche,
1310 568 3745 691 et ce dernier, la dite dame exerçant la profession de lingère, demeurant et
1336 673 3778 803 domiciliés ensemble, les dits époux, à Paris, rue Tesnouy Popimcourt,
1326 793 3745 924 numéro cinq ; Demandeurs ; Comparant ; D’une part ; Et
1374 906 3773 1024 Madame veuve Bouquet, demeurant  à Paris, rue Geoffroy
1323 1013 3722 1121 saint Hilaire, numéro vingt trois, agissant au nom et comme
1336 1131 3788 1228 chargée de l’administration de la personne et des biens de sa fille
1297 1233 3799 1349 mineure Maria Bouquet, apprentie ; Défenderesse ; Défaillante ;
1303 1341 3811 1459 D’autre part ; Point de fait - Par lettre du secrétaire du conseil
1333 1464 3832 1582 de Prud’hommes du Département de la Seine pour l’industrie
1292 1582 3847 1692 des tissus en date du Lundi vingt un septembre mil huit cent cinquante
1313 1689 3781 1822 sept les époux Yékiche firent citer la veuve Bouquet ès noms
1318 1799 3860 1937 qu’elle agit, à Comparaître par-devant le dit Conseil séant en Bureau
1269 1914 3804 2053 Particulier le mardi vingt deux septembre mil huit cent cinquante
1300 2014 3796 2183 sept pour se concilier si faire se pouvait sur la demande qu’ils
1300 2135 3847 2296 entendaient former contre elle devant le dit conseil en exécution de
1282 2265 3822 2419 Convention verbale d’apprentissage consentie pour la mineure
1300 2375 3857 2544 Maria Bouquet. A l’appel de la cause les époux Yékiche se
1280 2485 3873 2675 présenter et exposèrent au Conseil que suivant convention verbale
1305 2595 3860 2800 intervenue entre eux et la veuve Bouquet le quinze octobre mil huit
1290 2728 3850 2918 cent cinquante cinq la veuve Bouquet a placé sa fille mineure
1571 2836 3870 3033 Maria chez eux en qualité d’apprentie pour trois année à partir
