4608 3072
1820 1093 2867 1233 Du dit vingt neuf Janvier
1000 1190 3819 1336 Entre Madame Elisa Lavour, épouse assistée et autorisée du
1003 1331 3832 1454 sieur Nicolas Didier, et ce dernier, la dite dame exerçant  la profession
970 1446 3834 1597 de fleuriste, demeurant, les dits époux, à Paris rue Notre Dame Nazarette,
944 1584 3781 1704 numéro soixante cinq ; Demandeurs ; Comparant ; D’une part ;
980 1710 3860 1835 Et Monsieur Vieille, demeurant à Paris, rue des écluses saint Martin,
949 1858 3868 1960 numéro quarante cinq, agissant au nom et comme chargé de l’administration
949 1973 3783 2088 des biens et de la personne de sa fille mineure Elisa Vieille, apprentie ;
967 2094 3822 2219 Défendeur ; Défaillant ; D’autre part ; Point de fait - Par lettre
952 2229 3847 2360 du secrétaire du Conseil de Prud’hommes du Département de la Seine
913 2373 3834 2493 pour l’industrie des tissus en date du Samedi vingt huit novembre
901 2496 3857 2639 mil huit cent cinquante sept les époux Didier firent citer Vieille
921 2639 3878 2831 à comparaître pardevant le Conseil de Prud’hommes du Département
