4608 3072
1382 2 3522 117 quatre Juin mil huit Cent Cinquante huit. Citée pour le dit jour
1367 64 3530 232 quatre juin la veuve Doré comparut. A l'appel de la cause
1361 181 3535 337 Simon se présenta et conclut à ce qu'il plut au Bureau Géneral
1364 286 3537 427 du dit Conseil Dire et ordonner que dans le jour du jugement à
1367 384 3540 540 intervenir la mineure Emélie Doré sera tenue de rentrer dans
1379 486 3527 640 ses ateliers pour y continuer son apprentissage aux termes des
1361 586 3532 737 Conventions verbales d'apprentissage établies le dix huit novembre
1356 693 3540 844 mil huit cent cinquante six sinon et faute par elle de ce faire
1374 793 3527 939 par sa mère de l'y contraindre Condamner dès à présent la
1359 901 3532 1047 veuve Doré à lui payer avec intérêt suivant la loi la somme de
1359 1018 3537 1146 deux Cent francs à titre d'indemnité et la condamner aux dépens
1354 1105 3545 1259 De son coté la veuve Doré se présenta et conclut à ce qu'il plut au
1338 1218 3525 1356 Bureau Général du dit Conseil attendu que Simon s'est porté à
1320 1326 3535 1456 des vices de fait envers l'apprentie ; que d'ailleurs elle ne la pas retiré
1338 1420 3517 1561 de chez lui, que c'est lui qui, au contraire, l'a renvoyée ; attendu
1341 1525 3514 1666 encore qu'ayant fourni un lit dans lequel sa fille devait coucher
1328 1630 3512 1758 Simon en a disposé pour y mettre, à son profit, Coucher d'autres
1326 1720 3532 1884 personnes ; Par ces motifs — Dire que les conventions verbales
1346 1840 3525 1973 d'apprentissage seront et demeureront purement et simplement
1328 1935 3517 2083 résiliées à partir du jugement à intervenir; Déclarer Simon non
1331 2055 3507 2191 recevable en ses demandes et le condamner aux dépens .
1346 2140 3499 2286 Point de droit — Doit-on dire et ordonner que dans le jour
1323 2250 3504 2388 du jugement à intervenir la mineure Emélie Doré sera tenu
1305 2352 3517 2490 de rentrer dans les atetiers de Simon pour y continuer son apprentissage
1344 2442 3507 2595 Sinon et faute par elle de ce faire et par sa mère de l'y contraindre
1303 2557 3507 2700 Condamner la veuve Doré à payer à Simon la somme de deux
1300 2652 3509 2831 Cents francs à titre de dommages — intérêts ? Que doit- il adven
