4608 3072
1536 988 3607 1113 cinquante francs elle croyait payer suffisamment en y ajoutant celle
1523 1077 3607 1203 de trente francs qu’elle offrait payer. Elle reconnait devoir celle de vingt
1530 1185 3599 1297 quatre francs pour quatre journées passées à monter et organiser la
1520 1285 3650 1400 machine. Boyer nia avoir reçu la somme de cinquante francs à compte
1512 1369 3642 1492 sur le prix d’apprentissage et persista dans sa demande. Le Bureau Particulier
1525 1472 3635 1579 proposa aux parties de se concilier par le paiement de la somme
1525 1569 3632 1679 de soixante quatorze francs au projet de Boyer. Cette proposition
1502 1676 3607 1766 de conciliation fut repoussée par Boyer qui persista à exiger
1525 1776 3650 1881 le paiement de cent francs pour le prix de l’apprentissage déclarant que
1530 1871 3637 1981 cette somme lui avait été offerte par Borne en un billet payable à
1520 1968 3640 2071 une année de date, que la longueur de l’échange l’avait seule empêche
1512 2068 3553 2178 de l’accepter. Les parties n’ayant pas été conciliées la cause fut
1525 2160 3655 2268 renvoyée devant le Bureau Général du dit Conseil séant le vendredi
1518 2255 3660 2360 vingt deux janvier mil huit cent cinquante huit. Cité pour le dit jour
1523 2344 3640 2467 vingt deux Janvier Borne comparut. A l’appel de la cause Boyer
1502 2434 3645 2575 se présenta et conclut à ce qu’il plut au Bureau Général du dit Conseil
1495 2539 3663 2672 condamner Borne à lui payer avec intérêts suivant la loi la somme
1510 2644 3604 2772 de cent vingt francs qu’il doit : celle de cent francs pour prix
1507 2746 3645 2931 d’apprentissage et celle de vingt quatre francs pour prix de quatre
