3072 4608
1286 1812 1950 1939 Du dit jour huit Janvier
706 1896 2872 2046 Entre Monsieur Favier, chef d’atelier passementier, demeurant
706 2008 2837 2131 et domicilié à Paris, quai Jemmappes, numéro deux cent
695 2112 2895 2238 soixante, demandeur ; Comparant ; D’une part ; Et Monsieur
706 2204 2837 2338 Touler, fabricant de tissus, demeurant  et domicilié à Paris, rue
683 2304 2880 2426 Saint Denis, numéro soixante quatre ; Défenseur ; Comparant ;
675 2396 2837 2534 D’autre part ; Point de faits -  Par lettre du secrétaire du Conseil
679 2503 2872 2634 de Prud’homme du Département de la Seine, établi à Paris pour
656 2607 2891 2734 l’industrie des tissus, en date jeudi trois et cinq Décembre
656 2703 2876 2841 mil huit cent cinquante sept Favier fit citer Touler à comparaitre
656 2807 2895 2933 pardevant le conseil de Prud’hommes séant en Bureaux Particuliers
656 2906 2887 3033 les samedi cinq et lundi sept Décembre mil huit cent cinquante
641 3002 2918 3137 sept pour se concilier si faire se pouvait sur la demande qu’il entendait
641 3118 2833 3233 former contre lui devant le dit conseil en règlement d’un compte
656 3214 2899 3329 de travail par lui fait pour son compte et d’après ses ordres. Touler
641 3317 2929 3436 n’ayant pas comparu la cause fut renvoyée devant le Bureau Général
656 3409 2910 3532 du dit conseil séant le vendredi seize Décembre mil huit cent cinquante
618 3505 2845 3632 sept. Cité  pour le dit jour onze Décembre Touler comparut.
641 3609 2880 3751 A l’appel de la cause Favier se présenta et conclu à ce qu’il plut
625 3717 2876 3843 au Bureau Général du dit Conseil Condamner Touler à lui payer
614 3824 2868 3935 avec intérêt suivant la loi la somme de deux cent quatre vingt quinze
614 3924 2864 4043 francs cinquante centimes,, se composant de celle de cent quatre vingt
602 4024 2860 4147 quinze pour le prix de seize cent mètres de galon à raison de
618 4124 2830 4258 quinze francs les cent mètres ; celle de vingt cinq francs cinquante
556 4231 2841 4366 centimes pour le dévidage de trente quatre Kilogrammes de coton
614 4350 2741 4512 à raison de soixante quinze centimes le Kilogramme ; celle de
771 345 2887 491 et à celle de soixante quinze centimes envers le trésor public pour
771 445 2895 587 le papier timbré de la présente minute, le papier timbré , conformément à la loi du
768 549 2926 691 sept aout mil huit cent cinquante, ence,  non compris le cout du présent
771 645 2906 783 jugement, la liquidation d’icelui et  ses suites. Et vu les articles 435 du
748 725 2918 883 code de procédure civile, 27 et 42 du décret du onze juin 1809 pour signifier
756 814 2933 983 aux défendeurs le présent jugement, Commet Fontaine, l’un de ses huissiers
733 929 2549 1082 audienciers. Ainsi jugé les jour mois et an que dessus.
