3072 4608
541 311 2611 410 quinze francs pour l’ourdissage  d’un chargement ; et enfin celle de
541 372 2615 506 soixante de soixante francs, prix de quinze journées à quatre francs
526 456 2611 602 par jours, perte de temps qu’il lui a fait éprouver en la faisant
529 556 2618 691 attendre après la matière nécessaire au travail. De son coté Touler
522 660 2615 791 se présenta et exposa au Conseil qu’il s’est opposé au paiement de
522 760 2634 879 la façon des treize cent mètres de galons pour deux causes, la première
529 848 2645 967 parce que le travail est al fait. La seconde parce que le travail, fut
514 948 2630 1067 il bien fait, ne doit être payé que douze francs les cents mètres et non
518 1048 2638 1171 quinze francs comme prétend Favier. LE Bureau Général n’ayant
510 1144 2641 1267 pas les éléments nécessaires renvoya la cause par devant un fabricant
506 1244 2618 1351 passementier et ajourna au jeudi vingt quatre Décembre pour
503 1344 2638 1459 se prononcer. Le jeudi vingt quatre Décembre Touler n’ayant
464 1443 2630 1562 pas comparu le Conseil  ordonna qu’il serait cité par  huissier et
518 1543 2638 1655 ajourna la cause au vendredi huit janvier mil huit cent cinquante
464 1639 2630 1758 huit. Cité à comparaître le dit jour  huit janvier  par exploit de Fontaine
503 1739 2649 1854 huissier à Paris, en date du deux Janvier mil huit cent cinquante
495 1847 2630 1962 huit, visé pour timbre et enregistré à Paris, le quatre janvier mil
503 1946 2630 2069 huit cent cinquante huit, en délier de deux francs vingt cinq centimes
491 2069 2634 2181 folio vingt cinq case huit signé : Drevon Toulet comparut.
503 2169 2641 2288 A l’appel de la cause Favier se présenta et conclut à ce qu’il  il plut au
464 2265 2603 2384 Bureau Général lui adjuger le bénéfice des conclusions par lui
506 2373 2645 2480 précédemment prises. De son coté Touler se présenta et conclut à ce
503 2465 2645 2576 qu’il plut au Bureau Général attendu que Favier a mal executé
483 2561 2611 2680 le travail à lui confié ; que par suite de la mal façon le marchandise
503 2657 2622 2787 lui reste pour compte ; attendu que le prix du dévidage ne se paie
503 2757 2638 2880 ordinairement que soixante centimes le Kilogramme ;  qu’il a
514 2856 2645 2983 offert de payer ce prix ; attendu aussi que Favier n’a pas perdu aucun
514 2952 2653 3079 temps à attendre la matière qui lui fut toujours donnée lorsqu’il en
472 3045 2672 3187 fit la demande ; attendu qu’il  est d’usage dans la passementerie que
491 3148 2649 3283 l’oudissage du chargement est à la charge du chef d’atelier et non
479 3237 2680 3386 à celle du fabricant. Par ces motifs Décalrer Favier non  recevable
479 3348 2668 3490 en ses demandes et le condamner aux dépens. Point de droit –
479 3440 2641 3594 Devait-on condamner Touler à payer à Favier la somme de  deux
456 3536 2641 3690 cent  quatre vingt quinze francs cinquante centimes  pour travaux
487 3640 2649 3797 et indemnité de temps perdu par sa faute ? Ou bien  devait-on
495 3743 2672 3897 dire que Favier ayant mal fait ce travail n’a aucune droit à se
479 3839 2530 3997 faire payer ; que le prix de soixante centimes par kilogramme
491 3939 2672 4097 de coton dévidé lui ayant été offert, et ce prix étant le prix ordinaire
449 4039 2649 4193 pour ce travail  il ne peut en exiger plus ; que n’ayant perdu aucun
479 4131 2680 4304 temps par la faute de Touler il n’a pas droit à l’indemnisations de
487 4231 2664 4450 soixante francs qu’il réclame ? Que devait-il être statué à l’égard
