3072 4608
725 349 2680 468 concilier si faire se pouvait sur la demande qu'il entendait former
706 399 2699 564 contre lui devant le dit conseil en paiement de la somme de Cinquante
691 487 2695 648 francs pour autant qu'il a payé pour des façons de Chapeaux
710 579 2699 733 et de celle de cent douze francs pour indemnité du préjudice
710 672 2653 825 de perte qu'ils lui causent en le renvoyant instantanément et
698 760 2688 910 sans motif ; contrairement à l'usage et l'équité qui veulent
695 856 2661 998 que les fabricants comme ceux qu'ils emploient se préviennent
710 940 2634 1090 un certain laps de temps avant de se quitter, afin de ne pas se
698 1036 2664 1178 nuire réciproquement. A l'appel de la cause, Ecot se présenta
714 1121 2684 1271 et exposa Que suivant conventions verbales intervenues entre lui
691 1205 2684 1363 e Cahen frères le quinze Février mil huit cent Cinquante huit
687 1305 2630 1447 il est entré chez eux en qualité de contremaître à raison de
695 1390 2630 1539 Trente cinq francs par semaine, le Logement, le Chauffage
691 1482 2661 1628 et l'éclairage ; Qu'il fut convenu, en outre, que si les défendeurs
683 1585 2615 1712 ne devaient pas continuer la fabrication il lui serait payé,
683 1678 2668 1804 à partir du jour ou cette fabrication cesserait, une indemnité
702 1781 2611 1893 représentant deux semaines de travail au moins ; Que les
679 1854 2699 1985 frères Cahen lui ayant déclaré ne vouloir continuer il demandait
672 1950 2691 2073 le bénifice de cette partie des conventions ; Qu'ayant payé pour
664 2042 2630 2165 leur Compte, des façons de Chapeaux il en demandait le
672 2138 2676 2257 remboursement ; qu'il demandait aussi à jouir du local qu'il
672 2234 2664 2353 occupe jusqu'au huit Juillet prochain ne pouvant s'en
660 2327 2645 2438 procurer un avant cette époque. De leur coté Cahen frères
679 2419 2657 2530 par l'un d'eux, reconnurent avoir consenti à employer Ecot
675 2511 2695 2618 en qualité de contremaitre à raison de Trente cinq francs par
668 2603 2688 2707 semaine, l'avoir payé intégralement jusqu'à ce jour , de lui
668 2699 2668 2799 rien devoir, soit à titre d'avances par lui faites, soit à titre de
664 2795 2615 2891 salaire ; Ils consentirent à lui payer trente cinq francs à
683 2883 2699 2979 titre d'indemnité de renvoi instantané, bien que leur ayant
668 2976 2680 3083 fait perdre, par sa mauvaise gestion, pour la somme de douze
656 3068 2645 3171 mille francs de matière ils pourraient se dispenser de lui payer
656 3156 2649 3263 cette somme. Le Bureau Particulier proposa à Cahen
687 3252 2680 3356 frères de payer une indemnité de soixante dix francs pour
687 3344 2668 3444 solde de tout compte et à laisser à Ecot la jouissance du
660 3436 2549 3540 local qu'il occupe jusqu'au huit Juillet prochain ;
668 3509 2691 3701 Cahen frères n'ayant pas accepté cette proposition de conciliation
672 3609 2711 3740 la cause fut renvoyée devant le Bureau Général du dit Conseil
656 3697 2714 3828 séant le vendredi dix huit Juin mil huit cent Cinquante huit
672 3793 2603 3909 Cités pour le dit jour dix huit Juin Cahen frères comparurent
683 3889 2657 4001 par l'un d'eux. A l'appel de la cause Ecot se présenta et
660 3982 2641 4147 conclut à ce qu'il plut au Bureau Général du dit Conseil
