3072 4608
672 264 2741 376 leur payer et rembourser la somme de dix neuf francs quatre vingt dix
656 322 2695 472 centimes pour autant qu'ils ont dépensé en achat de fournitures qui
683 426 2657 564 devaient servir à la confection des dits bonnets et qui n'ont pu
679 506 2730 660 être employées par la défenderesse, S'entendre en outre Condamner
672 602 2730 748 aux dépens. A l'appel de la cause les parties ne comparurent
641 691 2753 837 pas et la cause fut rayée du rôle d'audience. Suivant autre exploit
656 787 2741 925 du ministère de fontaine, huissier à Paris, en date du vingt six mai
660 887 2741 1017 mil huit cent cinquante huit, visé pour timbre et enregistré à
633 983 2753 1109 Paris, en date du vingt sept Mai mil huit cent cinquante huit
656 1082 2764 1201 en débet de un franc vingt cinq centimes, folio dix neuf case un,
641 1171 2745 1301 signé : L. Drevon Les époux Jonquet firent citer la demoiselle
637 1271 2760 1386 Lucas à comparaître par devant le dit conseil séant en Bureau Général
648 1367 2745 1482 le vendredi vingt huit Mai mil huit cent cinquante huit pour,
660 1455 2772 1585 en procèdant sur une précédente citation du Ministère de Potin, huissier
656 1559 2730 1674 à Paris, en date du vingt avril dernier, Ouïr adjuger à leur profit
668 1651 2757 1762 le bénifice des conclusions prises par eux dans l'exploit du vingt avril
625 1850 2772 1954 frais de la première Citation. Les Parties n'ayant pas comparu régulièrement
629 1943 2784 2054 la cause fut remise au Vendredi quatre juin. A l'appel de la cause
641 2046 2791 2142 le Vendredi quatre Juin les époux Jonquet se présentèrent et conclurent
672 2135 2757 2246 à ce qu'il plut au Bureau Général du dit Conseil leur adjuger
652 2234 2772 2342 les bénifice des Conclusions par eux prises dans l'exploit en date du
645 2323 2780 2442 vingt avril mil huit Cent Cinquante huit et condamner la demoiselle
641 2434 2818 2538 Lucas aux dépens. De son côté la demoiselle Lucas se présenta et
629 2515 2784 2638 conclut à ce qu'il plut au Bureau Général dudit Conseil attendu que
641 2615 2784 2730 lorsqu'elle se présenta chez la dame Jonquet pour y livrer les bonnets par
660 2707 2803 2830 elle confectionnés elle ne se refusa pas à faire les rectifications qui lui
637 2803 2764 2937 furent signalées ; qu'au contraire, ces rectifications on été faites
656 2899 2810 3029 et les bonnets offerts à nouveau à la dame Jonquet qui les refusa,
641 2999 2803 3125 attendu que le prix de la façon des dits bonnets est de deux francs
641 3095 2818 3221 Chaque et qu'elle en a confectionné quatre, ce qui établit que la dame
637 3198 2803 3321 Jonquet est sa débitrice de la somme de huit francs contre le paiement
656 3287 2726 3425 de laquelle elle offre de remettre la dentelle et les bonnets. Pour ces
645 3390 2784 3525 motifs - Déclarer les époux Jonquet nonrecevables en leurs demandes.
622 3494 2784 3621 Les en débouter comme mal fondés ; La recevoir reconventionnellement
652 3590 2730 3728 demanderesse ; Condamner les dits époux Jonquet à lui payer
672 3682 2803 3820 avec intérêts suivant la loi la somme de huit francs et les condamner
637 3790 2791 3920 aux dépens. Points de droit — Doit-on dire et ordonner que dans
629 3886 2810 4020 le jour du jugement à intervenir la demoiselle Lucas sera tenue
672 3982 2753 4120 de restituer à la dame Jonquet les dentelles que celle-ci lui a remises
652 4085 2664 4273 pour être employées à la confection de divers bonnets, Sinon la condamner
