4608 3072
1361 1044 3701 1162 des condamnations portées au jugement du vingt sept novembre
1364 1149 3696 1267 dernier ; Ordonne l’exécution provisoire du présent jugement
1369 1256 3714 1377 par provision, nonobstant appel jusqu’à convenir sans qu’il
1349 1379 3714 1477 soit besoin par la demanderesse de fournir caution conformément
1346 1482 3712 1584 à l’article quatorze de la loi du premier juin mil huit cent cinquante
1369 1584 3729 1697 trois ; Condamne la demoiselle Marie Mérel aux dépens taxés
1338 1707 3709 1802 et liquidés envers la demanderesse à la somme de trois francs autre
1341 1820 3714 1917 vingt six centimes, et à celle de deux francs soixante centimes envers
1354 1930 3740 2032 le Trésor Public pour le papier timbré de la présent minute,
1333 2037 3727 2160 le papier timbré et l’enregistrement de la citation, conformément à la
1323 2168 3735 2275 loi du sept aout mil huit cent cinquante, ence, non compris le cout du présent
1320 2255 3732 2373 jugement, la signification d’celui et ses suites. Et vu les articles 435 du
1285 2370 3727 2496 code de procédure civile, 27 et 42 du décret du onze juin 1809, pour signifier à la
1320 2478 3752 2626 défenderesse le présent jugement, commet Fontaine, l’un de ses huissier
1323 2611 3284 2877 audiences. Ainsi jugé les jour, mois et an que dessus.
