4608 3072
2421 558 2839 629 Audience
2560 637 2672 721 du
1528 698 3804 872 Vendredi vingt deux Janvier mil huit cent cinquante huit
1489 811 3799 954 siégeant : Messieurs Larouette, vice Président du Conseil
1489 906 3788 1067 de Prud’homme du Département de la Seine pour l’industrie
1489 1018 3814 1159 des tissus. Présidant l’audience en remplacement de Monsieur
1500 1108 3788 1267 Biétry, officier de la légion d’honneur, Président du dit Conseil
1464 1236 3799 1384 empêché pour cause légitime, Devening, Trépied, Consigny
1477 1333 3694 1505 et Bichur, Prud’homme assistés de Monsieur Lecrucq
1472 1451 2408 1556 secrétaire du dit Conseil.
1500 1648 3847 1789 Entre Madame Joséphine Hagy, épouse assistée et autorisé
1474 1771 3801 1899 du sieur Georges Grad, la dite dame ouvrière, demeurant et
1461 1873 3814 2014 domiciliée à Paris, passage du Chantier numéro six, rue du faubourg
1428 1984 3811 2114 Saint Antoine, numéro soixante six ; Demandeurs ; Comparants ;
1425 2091 3832 2227 D’une part ; Et Monsieur et Madame Lemonnier, le dit sieur
1395 2237 3819 2327 Lemonnier tant en son nom personnel que pour assister et autoriser
1441 2324 3834 2455 la dame son épouse entrepreneuse de travaux de lingerie et de Gilets
1438 2424 3865 2557 en flanelle, demeurant et domiciliés, ensembles, les dits époux à Paris,
1451 2554 3860 2659 rue de Sully, numéro sept et neuf ; Défendeurs ; Défaillant ;
1428 2672 3814 2785 D’autre part ; Point de fait - Les époux Grad prétendent
1423 2780 3870 2895 qu’ils sont créanciers des époux Lemonnier de la somme de neuf francs
1495 2895 3824 3010 pour prix de travaux faits par la dame Grad pour leur compte et
