4608 3072
1000 135 3755 238 afin de ne pas se nuire mutuellement. La veuve Ducoudin n’ayant
947 222 3752 353 pas comparu la cause fut renvoyé devant le Bureau Général du dit Conseil
972 348 3696 458 séant le vendredi vingt deux janvier mil huit cent cinquante huit
983 458 3791 599 ajourné au vingt neuf janvier même mois. Cité à comparaitre
972 599 3760 719 le dit jour par exploit de Fontaine huissier à Paris
977 734 3778 849 en date du vingt deux janvier mil huit cent cinquante huit visé pour
954 847 3788 970 timbre et enregistré à Paris, le vingt trois Janvier mil huit cent cinquante
970 975 3791 1093 huit en délier de soixante cinq centimes, folio quarante neuf, case un
954 1095 3752 1221 signé : L. Drevon la veuve Ducoudin ne comparut pas. A
960 1233 3809 1369 l’appel de la cause Parisot se présenta et conclut à ce qu’il plut au
954 1361 3819 1495 Bureau Général du dit Conseil donne défaut contre la veuve Ducoudin
939 1505 3814 1620 non comparante et personne pour elle quoique dument appelée et
939 1623 3809 1768 pour le profit la condamner à lui payer avec intérêts suivant la loi la
926 1774 3827 1891 somme de vingt quatre francs pour indemnité, à raison de quatre francs
867 1889 3816 2022 par jour de la semaine de congé qu’elle ne lui a pas laissé faire ainsi
919 2009 3832 2158 que c’est l’usage et la condamner aux dépens. Point de droit - Devait-
908 2158 3845 2311 on donner défaut contre la veuve Ducoudin non comparante ni personne
875 2309 3847 2439 pour elle quoique dument appelée et pour le profit adjuger au demandes et
921 2429 3814 2570 les conclusions par lui précédemment prises ? Que devait-il être
934 2562 3847 2708 statué à l’égard des dépens ? Après avoir entendu Parrisot en ses
908 2716 3840 2862 demandes et conclusions et en avoir délibéré conformément à la loi
913 2841 3834 2997 attendu que la demande de Parrisot parait juste et donnée ; que d’ailleurs
