3072 4608
787 295 2791 456 pour le dit jour dix huit Juin par lettre du secrétaire du Conseil en date du
752 357 2741 526 Seize Juin mil huit cent Cinquante huit la veuve Cartigny ne comparut
737 437 2741 622 pas. A l'appel de la cause la demoiselle Poulin se présenta et conclut à ce
756 537 2737 698 qu'il plut au Bureau Général du dit Conseil donner défaut contre la veuve
768 625 2737 817 Cartigny non comparante ni personne pour elle quoique dument appelée
756 725 2726 898 Et pour le profit la condamner à lui payer la somme de Cinquante franc
756 817 2741 990 avec intérêts suivant la loi, laquelle somme lui est due pour solde du prix
752 913 2741 1082 de travaux par elle faits pour son compte et d'après ses ordres, plus a
760 1002 2737 1171 lui payer cette somme qu'il plaira au Conseil fixer pour le préjudice
748 1102 2741 1267 qu'il lui a fait éprouver en ne comparaissant pas devant les bureaux du
737 1182 2737 1363 Conseil et les dépens. Point de droit — Doit donner défaut contre la
741 1290 2741 1447 Veuve Cartigny non comparante ni personne pour elle quoique dument
744 1390 2737 1532 appelée et pour le profit adjuger à la demanderesse les conclusions
752 1486 2714 1624 par elle précèdemment prises ? Que doit-il être statué à l'égard des
729 1570 2741 1739 dépens ? Aprés avoir entendu la demoiselle Poulain en ses demandes et
721 1678 2730 1823 conclusions et en avoir délibéré conformément à la loi ; Attendu que la
737 1781 2741 1931 demande demoiselle Poulain est juste et fondée ; que d'ailleurs elle n'est pas
748 1866 2726 2031 contestée par la veuve Cartigny non comparante ni personne pour elle
725 1969 2730 2112 quoique dument appelée ; attendu qu'en ne comparaissant pas devant les
710 2050 2726 2208 Bureaux du Conseil la veuve Cartigny a causé à la demoiselle Poulain un
725 2150 2726 2300 préjudice de perte de temps, ce qu'elle doit réparer ; Par ces motifs — Le
714 2250 2730 2396 Bureau Général jugeant en dernier ressort ; Donne défaut contre la
679 2353 2726 2484 Veuve Cartigny non comparante ni personne pour elle quoique dument
698 2442 2718 2580 appelée ; Et adjugeant le profit dudit défaut ; Condamne la veuve Cartigny à
698 2542 2711 2684 payer avec intérêts suivant la loi à la demoiselle Poulain la somme de
706 2649 2730 2776 Cinquante francs qu'elle reste lui devoir pour salaire, plus celle de
710 2737 2741 2868 quatre francs cinquante centimes pour indemnité du temps qu'elle lui a fait
683 2837 2741 2964 perdre en ne comparaissant pas devant les Bureaux du Conseil ; La condamne
706 2933 2722 3056 en outre aux dépens taxés et liquidés envers la demanderesse à la somme de
702 3022 2722 3148 un franc soixante centimes, et à celle de soixante quinze centimes envers le
698 3118 2737 3244 Trésor Public pour le papier timbré de la présente minute, conformément à la
706 3214 2737 3340 loi du sept août mil huit cent Cinquante, ence, non compris le cout du présent
698 3306 2718 3440 jugement, la signification d'icelui et ses suites. Et vu les articles 435 du
687 3402 2726 3536 code de procédure civile, 27 et 42 du décret du onze Juin 1809 pour signifier à la defenderesse
687 3498 2734 3628 le présent jugement, commet Potin, l'un de ses huissiers audienciers
679 3586 1927 3774 Ainsi jugé les jour mois et an que dessus
