4608 3072
1423 1221 3840 1359 ordres de la dame Michel-Poiret , Les condamne en outre aux
1410 1341 3870 1479 dépens taxés et liquidés envers la demanderesse à la somme de un franc
1390 1459 3847 1571 quatre vingts centimes, et à celle de soixante quinze centimes envers le
1402 1566 3860 1697 Trésor Public pour le papier timbré de la présente minute, conformément
1387 1694 3840 1807 à la loi du sept aout mil huit cent cinquante, ence, non compris le cout
1390 1797 3880 1917 du présent jugement, la signification d’celui et ses suites. Ainsi jugé
1384 1902 2483 2071 les jour, mois et an que dessus.
