4608 3072
622 1180 1346 1256 Dire et ordonner que
629 1256 1372 1346 dans le jour du jugement
611 1341 1354 1466 à intervenir la dame
611 1451 1344 1530 veuve Bouquet sera
619 1523 1346 1620 tenue de faire rentrer
611 1615 1390 1712 sa fille dans leurs ateliers
601 1712 1341 1792 pour y continuer son
611 1794 1346 1881 apprentissage, sinon
611 1876 1379 1981 et faute par elle de ce
583 1971 1333 2068 faire dans le dit jour
1438 245 3875 389 rentrer sa fille chez les époux Yékiche sous la réserve expresse qu’elle
1408 322 3868 486 ne sera occupée qu’aux travaux de son état, qu’elle ne  travaillera pas
1410 427 3865 596 au delà des heures foxées par la lois sur l’apprentissage, sinon à
1433 555 3868 706 payer las comme de trois cent francs à  aux termes de la convention
1420 650 3865 829 verbale d’apprentissage. La veuve Bouquet déclara préférer
1372 783 3868 924 payer la somme de trois cent francs en trois termes : cent francs
1410 903 3896 1052 le quinze janvier, cent francs le quinze avril et cent francs le
1402 1008 3888 1167 quinze aout mil huit cent cinquante huit.  Les époux Yékiche
1418 1128 3845 1269 ayant consenti à recevoir la somme de trois cents francs aux trois
1413 1254 3893 1400 époques cidessus fixées la cause fut conciliée. La dame veuve
1402 1361 3911 1515 Bouquet n’ayant pas satisfait au premier de ces paiement les époux
1408 1482 3896 1630 Yékiche la firent de nouveau appelée à comparaître pardevant le dit Bureau
1448 1620 3904 1751 Particulier du Conseil séant le Lundi dix huit janvier mil huit cent
1415 1728 3906 1868 cinquante huit. La veuve Bouquet n’ayant pas comparu la cause fut
1402 1848 3916 2001 renvoyée devant le Bureau Général du dit Conseil séant le vendredi
1408 1994 3921 2109 vingt deux Janvier mil huit cent cinquante huit et ajouré au vendredi
1397 2112 3921 2224 vingt neuf janvier même mois. Cité à comparaître le dit jour vingt cinq
1408 2227 3927 2368 Janvier par exploit de Fontaine huissier à Paris, en date du vingt cinq
1390 2355 3944 2478 janvier mil huit cent cinquante huit, visé pour timbre et enregistrement à
1384 2465 3942 2598 Paris, le vingt six Janvier mil huit cent cinquante huit, en délier de
1369 2603 3962 2723 un franc vingt cinq centimes, folio cinquante quatre case trois, signé : L Drevon
1402 2728 3955 2867 la veuve Bouquet ne comparut pas. A l’appel de la cause les époux
1364 2851 3952 2982 Yékiche se présentèrent et concluent à ce qu’il plut au Bureau Général
