4608 3072
1351 540 3532 652 à titre de d’indemnité ? Que devait-il être statué à l’égard des dépens ?
1338 645 3520 757 Après avoir entendu les parties en leurs demandes et conclusions respectivement
1367 744 3548 865 et en avoir délibéré conformément à la loi ; attendu que malgré les dires
1349 855 3532 965 des ouvriers entendus à titre de renseignement sur la demande de Bonnefoy
1338 957 3537 1062 que le conseil n’en reste pas moins convaincu que Bonnefoy a après la
1323 1062 3545 1164 conciliation du douze décembre dernier qui lui interdisait de, sous aucun
1361 1164 3540 1287 prétexte, employer l’apprenti à faire des courses, porter ou traîner des
1338 1277 3553 1377 fardeaux, non à por à continué comme par le passé à l’employer à ce genre
1349 1374 3550 1469 de service ; que c’est tellement vrai qu’il et obligé d’enregistrer la responsabilité
1333 1482 3553 1576 sur le compte de ses ouvriers qui, à son dire auraient ordonné les  travaux
1336 1584 3558 1694 si l’apprenti ne s’y est pas livré de sa propre volonté ; attendu que Bonnefoy
1333 1684 3560 1794 est forcé de reconnaitre qu’il a lui même ordonné à l’apprenti d’aller traîner
1338 1794 3576 1914 la voiture chez le loueur et de la reconduire après l’opération ; attendu que le
1320 1902 3555 2014 Conseil juge ces fait de nature à motiver la rupture de l’apprentissage
1315 2012 3571 2127 sans indemnité ; Par ces motifs - Le Bureau Général jugeant en premier
1315 2109 3589 2237 ressort ; Résilie la convention verbale d’apprentissage intervenue
1323 2232 3537 2352 entre la veuve Reymont pour son fils ; d’une part ; et Bonnefoy ;
1308 2337 3589 2462 D’autre part le premier juillet mil huit cent cinquante sept comme apprenti
1297 2460 3571 2580 du fait de Bonnefoy ; Déboute Bonnefoy de sa demande en indemnité
1308 2575 3578 2682 le condamne aux dépens taxés et liquidés envers la demanderesse à la
1297 2682 3591 2813 somme de soixante centimes, et à celle de deux francs envers le Trésor
