4608 3072
1320 158 3765 320 chaussée Clignancourt, numéro quarante ; Défenderesses ; Comparant
1287 263 3560 422 par la dame veuve Seurat ; D’autre part ; Point de fait –
1303 378 3763 537 Par lettre du secrétaire du Conseil de Prud’homme du Département
1308 509 3799 642 de la Seine pour l’industrie des tissus en date des samedi trente Janvier
1305 604 3804 750 et lundi premier Février mil huit cent cinquante huit les époux Viedenloecher
1303 711 3763 865 firent citer les défenderesses à comparaitre pardevant le dit conseil de
1354 826 3752 972 Prud’homme pour se concilier si faire se pouvait sur la demande qu’ils
1303 942 3801 1090 entendaient former contre elles devant le dit conseil en paiement de la somme
1318 1049 3760 1198 de cent cinquante trois qu’elles leur doivent pour prix de travaux faits
1300 1164 3732 1305 par la dame Viedenloecher pour leur compte et d’après leur ordres.
1287 1280 3824 1418 Les défenderesses n’ayant pas comparu la cause fut renvoyée devant le Bureau
1297 1392 3816 1525 Général du dit conseil séant le vendredi cinq février mil huit cent cinquante
1313 1497 3819 1638 huit. Citées pour le dit jour cinq février les défenderesses comparurent
1287 1623 3806 1774 par la dame veuve Seurat, l’une d’elles. A l’appel de la cause les époux
1274 1751 3822 1863 Viedenloecher se présentèrent et conclurent à ce qu’il plus au Bureau Général
1287 1871 3770 1981 du dit conseil condamner la veuve Seurat et la demoiselle Seurat à
1282 1973 3842 2099 leur payer solidairement et avec intérêts suivant la loi la somme de cent cinquante
1274 2081 3778 2240 trois francs qu’elles leur doivent pour prix de travaux faits pas la dame
1277 2216 3781 2324 Viedenloecher pour leur compte et sur leurs ordres et les condamner en
1274 2329 3824 2444 outre aux dépens. De son coté la veuve Seurat se présenta et déclara au
1285 2444 3834 2549 conseil qu’elle se  reconnaissent débitrice de la somme réclamée par les demandeurs.
1260 2581 3813 2664 Elle conclut à ce qu’il plut au Bureau Général du dit conseil attendu qu’elle ne
1267 2670 3822 2790 peut payer cette somme en ce miment lui accorder terme et délais. Point
1274 2798 3786 2920 de droit – Devait-on condamner la veuve et la demoiselle Seurat à
