4608 3072
821 888 1428 985 marge cette somme sera
837 960 1477 1054 payée en deux termes
829 1021 1459 1134 égaux ; le premier le
796 1082 1492 1198 vingt huit Février et
811 1152 1474 1267 le deuxième fin Mars
1546 1134 3668 1259 personne pour eux régulièrement quoique dument appelés ; Et adjuge
808 1228 1497 1336 mil huit cent cinquante
1533 1221 3688 1361 le profit du dit défaut, résilie la convention verbale d’apprentissage
819 1287 1472 1408 huit ; Dit que faut par
1530 1336 3688 1448 intervenue entre les époux Germain et la demoiselle Maitre pour
816 1395 1497 1487 par les époux Germain
832 1459 1489 1569 de payer quinze francs à
1530 1438 3691 1556 sa fille Marguerite le premier octobre mil huit cent cinquante six.
834 1530 1500 1651 l’échéance du premier
1548 1533 3691 1664 Condamne les époux Germain à payer solidairement et avec
839 1592 1497 1733 terme la somme entière
1530 1643 3683 1771 intérêts suivant la loi à la demoiselle Maitre, ès, nom qu’elle agit, la
826 1694 1472 1815 deviendra exigible de
849 1789 1031 1891 faite
1561 1743 3691 1881 somme de trente francs à titre d’indemnité que lui coute la rupture de
837 1853 1397 1968 revoi approuvé
1546 1850 3694 1978 cette convention ; Condamner les époux Germain aux dépens taxés et
1556 1950 3699 2081 liquidés en vers la demanderesse à la somme de un franc vingt centimes,
1530 2063 3712 2186 à celle de soixante quinze centimes en vers le Trésor Public pour le papier timbré
1520 2168 3699 2296 de la présente minute ; conformément à la loi du sept aout mil huit cent cinquante,
1508 2328 1514 2395 ence, non compris le cout du présent jugement, la signification d’icelui et de ses suites.
1512 2263 3704 2411 ence, non compris le cout du présent jugement, la signification d’icelui et de ses suites.
1509 2432 1514 2499 Et vu les articles 435 du code de procédure civile, 27 et 42 du code de procédure civile, 27 et
1512 2347 3765 2508 Et vu les articles 435 du code de procédure civile, 27 et 42 du code de procédure civile, 27 et
1508 2537 1514 2604 42 du décret du onze juin 1809 pour signifier aux défendeurs le présent jugement, commet Fontaine,
1512 2462 3696 2613 42 du décret du onze juin 1809 pour signifier aux défendeurs le présent jugement, commet Fontaine,
1494 2640 1514 2707 l’un de ses huissier audiencier. Ainsi jugé les jour, mois et an que dessus.
1512 2583 3279 2718 l’un de ses huissier audiencier. Ainsi jugé les jour, mois et an que dessus.
