4608 3072
1466 924 3560 1039 jupon de deux francs ; qu’en outre elle lui a fourni des copeaux
1459 1021 3555 1144 pour une somme de cinq francs ; qu’elle lui est zinc redevable de
1474 1113 3573 1249 la somme de trois francs. Le Bureau Particulier fut d’avis que
1466 1231 3550 1341 la dame Balles ne pouvant justifier de la perte du linge, et
1459 1344 3573 1443 reconnaissant que les copeaux ont été donnés et non vendus il y avait
1474 1431 3591 1566 lieu par les époux Balles à payer la somme de six francs pour salaire.
1438 1538 3596 1664 La dame Balles ayant déclaré ne vouloir payer cette somme la cause
1454 1646 3591 1763 fut renvoyée devant le Bureau Général du dit Conseil séant le vendredi
1461 1753 3586 1866 cinq février mil huit cent cinquante huit. Cités à pour le dit jour cinq
1459 1861 3596 1984 février les époux Balles ne comparurent pas. A l’appel de la cause les
1456 1968 3589 2063 époux Couvreur se présentèrent et conclurent à ce ce qu’il plut au Bureau
1466 2071 3031 2168 Général du dit conseil donner défaut contre les époux
3056 2086 3596 2165 autoriser la dame
1477 2165 3601 2280 Balles à entrer en justice faute par son mari de l’avoir fait ; donner
1461 2288 3604 2383 défaut contre les époux Balles non comparants ni personne pour eux
1438 2385 3607 2506 quoique dument appelés ; et pour le profit les condamner à leur payer
1428 2498 3604 2598 avec intérêts suivant la loi la somme de dix francs qu’ils leur doivent
1428 2600 3609 2718 pour prix de travaux faits par la dame Couvreur pour leur comptes et
1451 2718 3622 2839 d’après leurs ordres, plus une indemnité pour le préjudice qu’il
1425 2821 3624 2982 ont causé en leur faisant perdre du temps devant les Bureaux du
