3072 4608
721 188 2849 318 des Mardi huit et Lundi sept et Mardi huit Juin mil huit Cent
698 241 2849 410 Cinquante huit les époux Mellot firent citer la dame veuve Cartigny
718 337 2845 510 à comparaître par devant le dit conseil de Prud'hommes séant en
714 441 2841 614 Bureaux Particuliers les Mardi huit et Mercredi neuf Juin mil
710 537 2841 706 huit cent cinquante huit pour se concilier si faire se pouvait sur
710 641 2830 817 la demande qu'ils entendaient former contre elle devant le dit Conseil
710 752 2837 917 en paiement de la somme de dix sept francs quarante cinq centimes
706 844 2841 1029 qu'elle leur doit pour prix de travaux faits pour la dame Mellor pour
706 956 2826 1109 son compte et d'après ses ordres. La dame veuve Cartigny n'ayant
721 1063 2841 1224 pas comparu la cause fut renvoyée devant le Bureau Général du
691 1159 2837 1324 dit Conseil séant le vendredi dix huit Juin mil huit cent Cinquante
706 1263 2822 1416 huit et ajournée au vendredi dix huit Juin même mois, Citée
698 1355 2880 1524 à comparaître le dit jour dix huit Juin par exploit de Potin
679 1459 2826 1620 huissier à Paris en date du quatorze Juin mil huit cent cinquante
683 1562 2833 1727 huit, visé pour timbre et enregistré à Paris, le quinze Juin mil
656 1681 2837 1831 huit cent Cinquante huit, en débet de soixante dix centimes, folio
683 1781 2841 1935 quarante Cinq, case neuf signé ; L Drevon la veuve Cartigny
683 1889 2830 2023 ne comparant pas. A l'appel de la cause les époux Mellor se
668 1985 2830 2131 présentèrent et conclurent à ce qu'il plut au Bureau Général du
683 2092 2830 2246 dit Conseil donner défaut contre la dame veuve Cartigny non
672 2196 2845 2342 comparante ni personne pour elle quoique dument appelée
683 2296 2837 2442 et pour le profit la condamner à leur payer avec intérets pour
672 2407 2841 2538 la loi la somme de dix sept francs quarante cinq centimes qu'elle
668 2503 2833 2653 leur dit pour prix de travaux faits par la dame Mellor pour son
652 2615 2833 2745 compte et d'après ses ordres, plus, à leur payer cette indemnité qu'il
652 2718 2833 2833 plaira au Conseil fixer pour le temps qu'elle leur a fait perdre en ne
668 2826 2818 2937 comparaissant pas devant les Bureaux du Conseil et les dépens
672 2910 2799 3052 Pont de droit — Doit-on donner défaut contre la veuve Cartigny
672 3025 2822 3156 non comparante ni personne pour elle quoique dument appelée
656 3125 2818 3252 pour le profit adjuger aux demandeurs les conclusions par
664 3233 2822 3344 eux précédemment prises ? Que doit-il être statué à l'égard des dépends
602 3325 2822 3455 Après avoir entendu les époux Mellor en leurs demandes et conclusions
664 3432 2814 3548 et en avoir délibéré Conformément à la loi ; attendu que la demande des
652 3532 2803 3651 époux Mellor parait juste et fondée ; que d'ailleurs elle n'est pas contestée
656 3640 2807 3751 par la veuve Cartigny non comparante ni personne pour elle quoique
679 3732 2791 3855 dument appelée ; attendu qu'en ne comparaissant pas devant les
668 3836 2818 3951 Bureaux du Conseil la veuve Cartigny a causé aux époux Mellor un
675 3928 2803 4051 préjudice de perte de temps, ce qu'elle doit réparer ; Par ces motifs le Bureau
641 4028 2807 4158 Général jugeant en dernier ressort — Donne défaut contre la veuve
656 4131 2803 4239 Cartigny non comparante ni personne pour elle quoique dument
679 4216 2784 4377 appelée ; et adjugeant le profit du dit défaut, Condamne la
