3072 4608
1213 768 2492 929 J'autorise mon fils auguste
940 898 2461 1048 Legouge de me représenter dans la
925 994 2453 1152 discution pendante entre m Siègard
948 1113 2457 1286 et mon fils puiné Eugène Legouge
959 1236 2415 1382 approuvant à l'avance tout
971 1359 1889 1505 ce que besoin sera
1440 1424 2457 1570 Rebais le 23 mai 1858
925 1643 2376 1835 bon pourvoire pour félécité legouge
883 3770 2952 3935 de l'apprenti par la raison qu'il n'aurait pas contribué à la sortie du jeune
867 3870 2960 4039 Legouge des ateliers de Siégard ? Que doit-il être statué à l'égard des dépens ?
883 3970 2945 4135 Après avoir entendu les parties en leurs demandes et conclusions respectives
