3072 4608
806 311 2853 472 doit on, conformément aux conclusions de la veuve Doré dire et
814 384 2883 576 ordonner que les conventions verbales d'apprentissage dont s'agit
787 472 2880 656 seront et demeureront purement et simplement résolues et déclarent
791 564 2833 748 Simon nonrecevable en sa demande en paiement de deux Cents
802 648 2841 837 francs à titre de dommages-intérêts ? Que doit-il être statué à
806 752 2868 929 l'égard des dépens ? Après avoir entendu les parties en leurs demandes
791 840 2887 1029 et conclusions respectivement et en avoir délibéré conformément à la loi;
791 940 2880 1109 attendu qu'il est constant que des conventions verbales intervenue
779 1044 2872 1205 entre la veuve Doré, D'une parts ,et Simon, d'autre part, le dix huit
779 1140 2883 1301 novembre mil huit cent cinquante six la dame veuve Doré a placé
771 1224 2880 1397 sa fille Emélie Chez Simon en qualité d'apprentie pour quatre ans
783 1317 2887 1493 et demi ; attendu qu'il résulte de l'audition des parties à l'audience
768 1420 2880 1582 et des renseignements pris par le Conseil que les faits reprochés à Simon
771 1516 2864 1674 par la veuve Doré sont denués de fondement ; que le Conseil
768 1628 2853 1774 ne voyant aucun motif pour rompre les dites Conventions verbales
760 1716 2853 1866 ne peut qu'en ordonner l'éxécution en paiement de dommages
748 1812 2833 1966 intérêts au profit du dit Simon ; que le Conseil, ayant les élements
775 1916 2822 2054 nécessaires, trouve qu'au cas ou la veuve Doré ne ferait rentrer
748 2012 2876 2150 sa fille chez Simon, la somme de deux Cents qu'il demande à titre
729 2112 2830 2250 de dommages-intérêts n'est pas exagérée ; Par ces motifs –
729 2211 2864 2342 Le Bureau Général jugeant en premier ressort ; Dit et
752 2323 2887 2442 ordonne que dans le jour qui suivra la signification du présent
771 2407 2883 2538 jugement la mineure Emélie Doré sera tenue de rentrer
756 2507 2899 2638 dans les ateliers de Simon pour y continuer son apprentissage, sinon
744 2615 2845 2726 et faute par elle de ce faire dans le dit jour et par sa mère de l'y
721 2695 2864 2822 contraindre ; Condamne dès à présent la dame veuve Doré à
733 2807 2841 2918 payer avec intérêts suivant la loi à Simon la somme de deux
741 2903 2903 3022 Cents francs à titre de dommages-intérêts ; Condamne la veuve
733 3014 2906 3114 Doré aux dépens taxés et liquidés envers le demandeur à la somme
748 3110 2887 3225 de un franc quarante centimes, et à celle de un franc envers le
733 3202 2899 3336 Trésor Public pour le papier timbré de la présente minute ; conformément
748 3306 2880 3421 à la loi du sept août mil huit Cent Cinquante, ence, non compris
741 3406 2891 3513 le cout du présent jugement, la signification d'icelui et ses suites.
721 3505 2100 3774 Ainsi jugé les jour mois et an que dessus.
