4608 3072
2339 570 3253 693 Du dit jour vingt deux Janvier
1571 586 3712 811 Entre Monsieur Jacques Boyer, ouvrier coupeur de poils de lapins,
1553 693 3678 893 demeurant à La Villette pr!s Paris, boulevard des buttes Chaumont,
1541 788 3655 990 numéro quarante six ; Demandeur ; Comparant ; D4une part ; Et
1553 890 3619 1070 Monsieur Pierre Borne coupeur de poils de lapin, demeurant et
1553 990 3683 1164 domicilié à Belleville près Paris, Boulevard des buttes Lavilette
1543 1105 3648 1259 près Paris, Boulevard des Buttes Chaumont, numéro vingt quatre ;
1543 1195 3694 1354 Défendeur ; Comparant ; D’autre part ; Point de fait - Par lettre
1546 1310 3706 1459 du secrétaire du Conseil de Prud’hommes  du Département de la Seine
1523 1425 3678 1548 pour l’industrie des tissus en date du Lundi dix huit Janvier mil
1538 1528 3717 1653 huit cent cinquante huit Boyer fit citer à comparaitre par devant
1551 1633 3714 1758 le Conseil de Prud’homme séant en Bureau Particulier le Mardi dix neuf
1546 1753 3696 1850 Janvier mil huit cent cinquante huit pour se concilier si faire se pouvait sur
1533 1853 3714 1950 la demande qu’il entendait former  contre lui devant le dit Conseil en
1510 1950 3747 2060 paiement de la somme de cent vingt quatre francs qu’il lui doit, la dite
1546 2040 3735 2173 résultant de celle de cent francs prix convenu pour lui apprendre
1505 2152 3712 2288 à couper le poil de lapin et de celle de vingt quatre francs  pour le prix
1528 2250 3724 2391 de quatre journées à raison de six francs par jour. A l’appel de la
1487 2352 3709 2506 cause Boyer se présenta et exposé comme dessus. La dame Borne se
1505 2444 3727 2618 présenta pour son mari du lequel elle se dit autorisée et exposa au Conseil
1515 2549 3737 2749 qu’il ne devait pas la somme de cent francs pour prix d’apprentissage
1523 2631 3724 2849 de son mari parce que le prix n’en a pas été fixé ; qu’ayant déjà donné
