4608 3072
1548 5 3555 125 envers la demanderesse à la somme de un franc Vingt centimes
1561 92 3545 227 et à celle de soixante quinze centimes envers le Trésor Public p
1546 189 3555 314 le papier timbré de la présente minute, conformément à la da
1556 286 3563 419 du sept Août mil huit cent Cinquante, ence, non compi
1561 381 3555 512 le cout du présent jugement, la signification d'icelui et
1543 478 3450 640 ses suites. Ainsi jugé les jour mois et an que dessus.
2275 1346 3112 1472 Dudit jour dix huit Juin
1543 1441 3568 1564 Entre Monsieur Jacques Weltzer, demeurant à la Chapelle
1525 1538 3550 1658 Saint Denis, rue de Jessaint, numéro vingt trois, Et
1530 1638 3555 1758 Monsieur Bernard Quivriez, demeurant à La villette pr
1538 1740 3573 1856 Paris, passage Bender, numéro six, Ouvriers fileurs associés,
1525 1822 3560 1948 Demandeurs ; Comparant ; D'une part ; Et Messieurs
1541 1922 3563 2058 Ritaud, Fleury et compagnie, Filateurs, demeurant et domicil
1523 2022 3558 2142 à Gravelle près saint Maurice, commune de Charenton ;
1518 2124 3550 2265 Défendeurs ; Comparant par le sieur Fleury, l'un d'eux ;
