3072 4608
103 1935 706 1981 sur laquelle somme il lui
103 1973 691 2046 Sera retenu au profit des
103 2027 710 2108 époux Jonquet la somme
76 2092 714 2177 de un franc cinquante
92 2154 706 2246 six centimes pour les couts
80 2211 733 2300 de l'une des deux Citations
88 2288 556 2472 renvoi approuvé
802 318 2772 479 à payer aux époux Jonquet la somme de soixante francs pour la valeur
794 399 2760 568 représentative des dites dentelles ? Condamner en outre la demoiselle Lucas
806 495 2760 664 à payer aux demandeurs la somme de dix neuf francs quatre vingt
798 579 2757 744 dix centimes pour autant que la dame Jonquet a dépensé en art et de
775 668 2764 837 fournitures devant servir à la confection des dits bonnets et qui n'ont
779 760 2749 929 pu être employées par le fait de la dite demoiselle Lucas ? Ou bien
802 856 2764 1017 doit-on dire que la demoiselle Lucas ayant offert de remettre les
787 944 2784 1113 bonnets confectionnés  après avoir éxécuté les rectifications demandées
787 1040 2791 1201 par la dame Jonquet, et que la dame Jonquet les ayant refusés il
775 1128 2772 1286 y a lieu à la débouter de ses demandes ? recevoir reconventionnellement
787 1217 2787 1397 la demoiselle Lucas demanderesse, Condamner les époux Jonquet à lui payer
768 1309 2791 1478 la somme de huit francs pour la façon des quatre bonnets qu'elle
771 1413 2784 1574 a confectionnés pour leur compte et sur leurs ordres ? que doit il être
768 1505 2768 1666 Statué à l'écart des dépens ? Après avoir entendu les parties en leurs
737 1601 2772 1762 demandes et conclusions respectivement et en avoir délibéré conformément
760 1701 2760 1847 à la loi ; attendu qu'il résulte de ses explications des parties que la
752 1800 2795 1946 demoiselle Lucas a confectionné quatre bonnets pour le compte des
768 1896 2787 2046 époux Jonquet ; qu'il n'a été fixé aucun prix pour la façon desdits
760 1985 2795 2142 bonnets. attendu qu'il est constant que la demoiselle Lucas n'a pas
756 2081 2787 2234 refusé la livraison des dits bonnets ; qu'elle y a fait les rectifications
752 2184 2795 2330 demandées par la dame Jonquet et que s'ils n'ont pas été livrés
760 2284 2772 2415 par la défenderesse c'est par suite du refus de la dame Jonquet
756 2376 2795 2519 de les recevoir ; attendu qu'il résulte de tous ces faits que les époux
737 2476 2776 2615 Jonquet ne sont pas fondés dans leur prétention à laisser pour
737 2580 2757 2703 Compte à la demoiselle Lucas les Bonnets dont s'agit en lui
744 2680 2791 2803 faisant payer le prix des marchandises qui devaient servir à leur
721 2772 2795 2895 Confection ; attendu que le conseil ayant les éléments nécessaires
725 2872 2784 2999 fixe le prix de la façon de chacun des quatre bonnets à la somme
718 2968 2791 3095 de un franc cinquante centimes. Par ces motifs - Le Bureau
725 3060 2776 3187 Général jugeant en dernier ressort — Déclare les époux
710 3164 2780 3294 Jonquet nonrecevable en leurs demandes, Les en déboute, reçoit
706 3260 2791 3390 la demoiselle Lucas reconventionnellement demanderésse ;
691 3356 2780 3486 Condamne les époux Jonquet à lui payer avec intérêts suivant la
698 3455 2780 3586 loi la somme de six francs qu'ils lui doivent pour prix de la façon
683 3559 2791 3686 de quatre bonnets à raison de un franc cinquante Centimes chaque ;
695 3663 2780 3778 Condamne les époux Jonquet aux dépens tant envers la demanderesse
691 3759 2741 3874 qu'envers le Trésor et la demoiselle Lucas à payer les dépens
706 3859 2776 3962 envers le Trésor Public par moitié, lesquels sont taxés et liquidés à la
706 3947 2757 4074 Somme de trois francs vingt cinq centimes pour le cout du papier
672 4051 2776 4170 Timbré de la présente minute, le cout du papier timbré et de l'enregistrement
691 4154 2757 4304 des deux Citations, Conformément à la loi du sept août mil huit
