3072 4608
1178 268 1912 345 Du dit jour huit Janvier
541 318 2595 445 Entre Madame Victoire Buisset, épouse assistée et autorisée du
533 418 2599 533 sieur Monterme, et ce dernier la dite dame brodeuse, demeurant
526 518 2607 625 et domicilié ensemble, les dits époux, à Paris, rue des juges consuls,
526 602 2588 721 numéro trois ; Demandeur ; Comparant ; D’une part ;
526 702 2584 817 Et Monsieur et madame Brick, le dit sieur Brick, tant
522 802 2603 910 en son noms personnel que pour assister et autoriser la dame son épouse
506 898 2615 1009 ouvrière brodeuse, demeurant  ensemble les dits époux, à Passy,
495 990 2618 1105 Boulevard Beauséjour,, numéro trente; Défenseur ; Comparant
503 1090 2472 1198 par le sieur Brick ; D’autre part ; Point de faits -
510 1182 2611 1290 Par lettres du secrétaire du Conseil de Prud’homme du Département
506 1282 2599 1393 de la Seine, établi à Paris pour l’industrie du tissus, en date des
491 1386 2603 1493 dix huit et vingt une Décembre mil huit cent cinquante sept les
491 1474 2584 1585 époux Monterme firent citer les époux Brick à comparaitre
487 1574 2618 1685 pardevant le dit conseil de Prud’hommes séant en Bureaux Particuliers
472 1658 2618 1800 les lundi vingt un et samedi vingt trois Décembre mil huit cent
456 1758 2615 1893 cinquante sept pour se concilier si faire se pouvait sur la demande
445 1862 2615 1992 qu’ils entendaient former contre eux devant le dit conseil en remboursement
487 1969 2615 2092 de la somme de deux francs avancés à la dame Brick sur le prix d’un
468 2054 2611 2192 travail qu’elle devait faire et qu’el n’a pas fait et en restitution d’une
456 2158 2553 2300 mantelet de tafetas noir que la dame Birck s’était chargée de
479 2257 2584 2396 broder pour le compte de Madame Monterme. Les époux
464 2357 2588 2492 Brick n’ayant pas comparu la cause fut renvoyée devant le
441 2449 2603 2599 Bureau Général du dit conseil séant le Jeudi vingt quatre
441 2545 2618 2707 décembre mil huit cent cinquante huit. Cités à comparaitre
449 2649 2630 2803 huit janvier mil huit cent cinquante huit. Cités à Comparaître
456 2745 2618 2914 le dit jour huit janvier par explois de Fontaine, huissier à Paris , en
464 2853 2618 3025 date  du deux Janvier mil huit cent cinquante huit, visé pour timbre
437 2960 2615 3125 et enregistré à Paris, le quatre Janvier mil huit cent cinquante huit,
445 3056 2603 3217 en délier de un francs vingt cinq centimes, folio vingt cinq, case cinq
441 3160 2592 3325 verso, signé : Drevon les époux Brick Comparant par  le sieur
437 3256 2622 3425 Brick. A l’appel de la cause les époux Monterme se présentèrent
437 3352 2615 3536 et concluent à ce qu’il plus au Bureau Général du dit Conseil
426 3448 2615 3640 Condamner solidairement les époux Brick à leur payer la somme
426 3551 2618 3740 de deux francs pour autant qui a été avancé à la dame Brick pour
433 3644 2607 3851 un travail qu’elle n’a pas fait ; Dire et condamner que dans le jour
445 3763 2618 3947 du jugement à intervenir les époux Brick seront tenus de leur
407 3851 2622 4055 restituer un mantelet de tafetas que madame Brick s’était
422 3951 2618 4151 chargée de broder, sinon et faute par eux de se faire dans le dit
426 4051 2618 4250 jour les condamner dès à présent à lui payer avec intérêts suivant
414 4158 2618 4392 la loi  la somme de vingt cinq francs pour la valeur du dit mantelet
