3072 4608
1547 276 2234 364 Dudit jour Onze Juin
810 318 2895 506 Entre Madame Pauline Trouillard, Veuve du sieur Joseph
817 430 2880 595 Pierre Angevert,demeurant à Paris, rue Montmartre, numéro
794 522 2887 687 quatre Vingt douze, agissant au nom et comme chargée de l'administration
806 610 2880 779 des biens et de la personne de sa fille mineure Pauline angevert
794 706 2876 875 ouvrière Lingère ; Demanderesse ; Comparant ; D'une part ;
794 798 2876 967 Et Monsieur et Madame Massiquois, ledit sieur Massiquois
779 898 2891 1063 tant en son nom personnel que pour assister et autoriser la dame son
798 994 2883 1159 épouse, Lingère, demeurant et domiciliés ensemble, les dits époux
802 1086 2872 1274 à Paris, rue saint Denis, numéro Cent quatre vingt dix ;
783 1182 2876 1370 Défendeurs ; Défaillants ; D'autre part ; Point de fait — Par
768 1301 2876 1466 lettres du secrétaire du Conseil de Prud'hommes du Département
764 1393 2887 1562 de la Seine pour l'industrie des tissus en dates des mardi vingt
760 1493 2880 1662 Cinq et Mercredi Vingt six mai mil huit cent cinquante huit la veuve
768 1589 2872 1766 Angevert, ès noms et qualités qu'elle agit, fit citer les époux Massiquois
756 1681 2883 1858 à comparaître par devant le dit Conseil de Prud'hommes séant en
756 1789 2872 1962 Bureaux Particuliers les Mercredi vingt six et Samedi vingt neuf
771 1889 2872 2058 Mai mil huit Cent Cinquante huit pour se concilier si faire se pouvait
760 1992 2856 2150 sur la demande qu'elle entendait former contre eux devant le dit
764 2085 2868 2257 Conseil en paiement de la somme de huit francs Cinquante Centimes
741 2192 2872 2357 qu'ils lui doivent pour prix de travaux de sa fille et en restitution
748 2296 2856 2449 d'un bonnet retenu indument. Les époux Massiquois n'ayant
748 2384 2864 2553 pas comparu la cause fut renvoyée devant le Bureau Général
741 2488 2853 2649 dudit Conseil séant le vendredi quatre Juin mil huit cent cinquante
721 2580 2856 2749 huit et ajournée au vendredi onze juin même mois. Par exploit
737 2688 2860 2856 de Potin, huissier à Paris en dette du cinq Juin mil huit cent cinquante
702 2776 2853 2952 huit, visé pour timbre et enregistré à Paris le sept Mai mil
721 2880 2864 3056 huit Cent Cinquante huit, en débet de un franc cinq centimes, folio
706 2976 2872 3148 Trente trois case deux, signé L.Drevon la veuve Angevert fit citer
721 3075 2880 3248 les époux Massiquois à comparaître Par devant le Bureau général
721 3183 2899 3344 du dit Conseil séant le vendredi onze juin mil huit cent cinquante
706 3279 2880 3436 huit pour s'entendre Condamner à lui payer avec intérets suivant
695 3375 2849 3544 la loi la somme de huit francs cinquante centimes qu'ils lui doivent
718 3475 2830 3640 pour travaux de sa fille et s'entendre en outre condamner aux
714 3571 2822 3751 dépens plus à lui payer telle indemnité qu'il plaira au Conseil fixer
691 3674 2841 3843 pour le préjudice de perte de temps qu'ils lui ont fait éprouver en ne
706 3767 2822 3939 comparaissant pas devant les Bureaux du Conseil et les dépens
721 3866 2799 4031 A l'appel de la cause les époux Massiquois ne comparaissant
718 3966 2822 4128 pas. De son coté la veuve angevert se présenta et conclu à
687 4070 2822 4239 ce qu'il plut au Bureau Général du dit Conseil donner Défaut contre
683 4162 2818 4385 les époux Massiquois non comparants ni personne pour eux
