3072 4608
1501 1451 1973 1559 Audience
1670 1543 1797 1631 Du
863 1624 2814 1743 Vendredi quinze Janvier mil huit cent cinquante
848 1708 2853 1835 huit. Siégeant : Messieurs Biétry, officier de la légion
871 1797 2741 1919 d’honneur, Président du Conseil de Prud’hommes du
821 1893 2711 2012 Département de la Seine pour l’industrie des tissus,
821 1977 2691 2112 Pagez-Baligor, Warimier, Sentager Viceneux,
825 2073 2853 2219 Prud’hommes, assistés de Monssieur Gremotor, commis secrétaire
806 2165 1251 2277 du dis conseil.
825 2342 2795 2488 Entre Madame Adélaïde Magne, ouvrière en dentelles,
794 2449 2826 2580 Epouse assistée et autorisée du sieur Narcis Momier, et ce
787 2538 2799 2661 Dernier, demeurant et domiciliés ensemble, à Paris, rue Saint Denis,
791 2630 2776 2764 Numéro cent quatre vingt cinq ; Demandeurs, Comparant ;
787 2718 2837 2856 D’une part ; Et Madame veuve Lorther, ouvrière en dentelles
768 2822 2772 2949 à façon, demeurant et domiciliée, à Paris, rue Saint-Denis,
787 2914 2849 3037 numéro cent quatre vingt ;Défenderesse ; Défaillant ; D’autre
768 2999 2822 3133 part ; Point de fait – Par lettres du secrétaire du Conseil de
783 3098 2787 3229 Prud’homme du Département de la Seine, pour l’industrie du
787 3194 2864 3321 tissus, en date des samedi vingt six et lundi vingt sept Décembre
798 3290 2864 3413 mil huit cent cinquante sept les époux Lemann Monnier font citer
752 3379 2860 3521 la veuve Lother à comparaître par devant le dit Conseil de Prud’hommes
783 3479 2845 3609 séant en Bureau Particuliers les Lundi vingt huit et Mardis vingt
760 3575 2853 3705 neuf Décembre mil huit cent cinquante sept pour se concilier si faire
756 3682 2845 3797 se pouvait sur la demander qu’ils entendaient former contre elle devant le
779 3774 2853 3901 dit Conseil en paiement de la somme de douze francs qu’elle leur doit pour
768 3874 2853 4005 prix de travaux faits par la dame Monnier pour son compte et d’après
752 3966 2837 4101 ses ordres. La veuve Lorther n’ayant pas comparu la cause fut renvoyée
748 4066 2853 4185 devant le Bureau Général du dit Conseil séant le Vendredi huit janvier
744 4170 2791 4327 mil huit cent cinquante huit et ajournée au vendredi quinze du même
840 487 2845 583 loi du sept aout mil huit cent cinquante, ence, non compris le cout
840 541 2833 679 du présent jugement, la signification d’icelui et ses suites. Ainsi
848 633 1992 779 jugé le jour, mois et an que dessus.
