4608 3072
1541 862 3632 1021 non comparante, ni personne pour elle quoique dument appelée.
908 1074 1542 1120 Attendu que ne
1541 975 3627 1116 Et pour le profit la condamner à lui payer suivant la loi
903 1111 1474 1195 comparaissant pas
1561 1077 3642 1208 la somme de trente huit francs qu’elle lui doit pour prix
903 1175 1492 1262 devant les Bureaux
1566 1169 3637 1305 de travaux fait par sa fille pour son compte et d’après ses ordres
908 1236 1533 1328 du Conseil la demoiselle
883 1310 1484 1423 Desgranges a causé à
1556 1277 3632 1413 plus indemnité pour le temps qu’elle lui a fait perdre en ne
888 1395 1528 1492 Albarède un préjudice
1566 1369 3645 1520 comparaissant pas devant  le Bureau du conseil et les dépens.
890 1446 1536 1559 de perte de temps, ce
1541 1464 3642 1610 Point de Droit – Devait-on donner défaut contre la demoiselle
913 1523 1541 1625 qu’elle doit réparer ;
908 1602 1512 1710 Par ces motifs- Le
1564 1576 3640 1697 Desgranges non comparante ni personne pour elle quoique dument
913 1679 1536 1763 Bureau Général jugeant
1582 1669 3640 1807 appelée pour profit adjugé au demandeur les conclusions
908 1745 1528 1835 en dernier recours ; donne
911 1815 1536 1909 défaut contre la demoiselle
1597 1766 3648 1914 par lui précédemment prises ? Que devait-il être statué à
903 1886 1538 1996 Desgranges non comparante
1607 1879 3637 1996 l’égard des dépens ? Après avoir entendu Albarède en ses
929 1943 1530 2048 ni personne pour elle
1615 1978 3637 2091 demandes et conclusions et en avoir délibéré conformément
919 2014 1541 2129 quoique dument appelée ;
1574 2068 3642 2196 à la loi ; attendu que la demande d’Albarède paraît juste
903 2099 1438 2257 renvoi approuvé
1574 2158 3635 2304 et fondée ; que d’ailleurs elle n’est pas contestée par la
1571 2270 3640 2385 demoiselle Desgranges non comparante ni personne pour
1579 2373 3653 2503 elle quoique dument appelée ; Et adjugeant le profit à
1564 2485 3635 2603 défaut condamner la demoiselle Desgranges à payer avec
1564 2577 3630 2693 intérêts suivant la loi à Albarède, ès nom, qu’il s’agit
1566 2675 3627 2803 la somme de trente huit francs qu’elle lui doit pour prix
1541 2792 3640 2928 de travaux fait par la mineure Hélène Albarède pour son
