4608 3072
2549 189 2972 302 Audience
2703 289 2831 381 du
1812 335 3676 506 Vendredi cinq Février mil huit cent cinquante huit
1794 448 3834 611 siégeaient : Messieur Biétry, officier de la légion
1781 542 3932 709 d’honneur, président du Conseil de Prud’hommes du
1789 645 3939 806 département de la seine pour l’Industrie des tissus, Marienval,
1779 747 3904 906 Adolphe, Michel, Soutag et Dubosc, Prud’hommes assistés de
1776 849 3448 1000 Monsieur Lecucq, secrétaire du dit Conseil.
1789 1036 3934 1200 Entre Madame Désirée adélaïde Béalen, ouvrière,
1766 1149 3929 1300 épouse assistée et autorisée du sieur Charles Maillot, et ce dernier,
1771 1262 3909 1400 demeurant ensemble, les dits époux, à Passy près sParis, avenir Saint
1768 1346 3932 1495 Denis, numéro vingt un ; Demandeur ; Comparant ; D’une part ;
1740 1464 3939 1600 Et Madame veuve Ribon et Monsieur Duchesne son associé
1758 1566 3904 1692 tous deux blanchisseurs de linge, demeurants tous deux à Passy,
1756 1653 3957 1797 rue saint avenue saint Denis, numéro vingt sept, à Passy ; Défendeurs ;
1730 1756 3929 1894 Défaillant ; D’autre part ; Point de fait - Par lettre du secrétaire
1766 1871 3939 2001 du Conseil de Prud’hommes du Département de la Siene pour l’industrie
1756 1973 3939 2101 des tissus en date à Paris, du mardi deux neuf Janvier mil huit cent cinquante
1738 2065 3883 2199 huit les époux Maillot firent citer la veuve Ribon et Duchesne à
1728 2186 3947 2296 comparaître pardevant le dit Conseil de Prud’hommes séant en Bureaux
1740 2286 3911 2393 Particuliers les Mercredi vingt et samedi vingt trois Janvier mil huit
1733 2385 3904 2508 cent cinquante huit pour se concilier si faire se pouvait sur la demande
1738 2496 3898 2593 qu’ils entendaient former contre eux devant le dit Conseil en paiement
1733 2598 3924 2695 de la somme de cinquante trois francs trente cinq centimes  qu’ils leur doivent
1707 2695 3911 2816 pour prix de travaux faits par la dame Maillot pour leur compte, d’après
1735 2800 3891 2890 leurs ordres et dans leurs ateliers. Les défendeurs n’ayant pas comparu
