4608 3072
1149 611 3545 706 moins continué à le faire comme par le passé ; Par ces motifs –
1146 693 3553 824 Résilier les conventions verbales d’apprentissage du premier juillet mil huit
1123 791 3571 929 cent cinquante sept et condamner Bonnefoy aux dépens. De son
1123 911 3568 1039 coté Bonnefoy se présent et conclut à ce qu’il plus au Bureau Général
1144 1006 3576 1154 du dit Conseil attendu que depuis le douze décembre dernier, jour de la conciliation
1134 1121 3576 1269 il n’a ordonné à l’apprenti de porter ni traîner aucun fardeau, que
1136 1228 3591 1387 si l’apprenti s’est livré à ce travail il n’a consulté que sa volonté ; Par
1141 1367 3586 1497 ces motifs - Dire et ordonner que dans le jour du jugement à
1146 1459 3609 1623 intervenir le mineur Joseph Bonnefoy sera tenu de rentrer dans son
1144 1576 3609 1730 atelier pour y continuer son apprentissage, sinon et faute par lui de
1131 1687 3614 1856 ce faire et de sa mère de l’y contraindre condamner dès à présent la
1144 1815 3614 1960 veuve Reymont à lui payer avec intérêts suivant la loi la somme de
1162 1940 3614 2096 cent francs à titre de dommages-intérêts et la condamner en outre aux
1162 2048 3632 2216 dépens. Point de droit - Devait-on résilier purement et simplement
1169 2173 3648 2329 les conventions verbales d’apprentissage intervenues entre la veuve
1136 2288 3648 2455 Reymont et Bonnefoy le premier juillet mil huit cent cinquante
1141 2391 3676 2588 sept ? Ou bien devait-on conformément aux conclusion de Bonnefoy
1162 2511 3650 2708 ordonner que l’apprenti rentrerait chez ce dernier pour y continuer
1141 2621 3683 2823 son apprentissage, sinon et faute par la dame veuve Reymond de l’y
1141 2752 3688 2944 contraindre la condamner à payer à Bonnefoy la somme de cent francs
