4608 3072
1346 417 3520 512 de Prud’hommes du Département de la Seine pour l’industrie des tissus
1344 501 3514 604 en date du Mercredi vingt Janvier mil huit cent cinquante huit la
1346 586 3512 704 demoiselle Flamand fit citer la veuve Voyon à comparaître pardevant
1331 683 3517 801 le conseil de Prud’hommes séant en Bureau Particulier le Samedi
1356 796 3535 901 vingt trois Janvier mil huit cent cinquante huit pour se concilier si
1336 890 3545 1003 faire se pouvait sur la demande qu’elle entendait former contre elle
1354 1006 3555 1098 devant le dit Conseil en paiement de la somme de vingt un francs cinquante
1346 1098 3550 1205 centimes pour prix de travaux par elle faits pour son compte et d’après
1346 1200 3560 1313 ses ordres. A l’appel de la cause la demoiselle Flamand exposa qu’elle
1346 1318 3555 1420 était ouvrière à la semaine depuis cinq mois ; que le prix de la semaine
1333 1413 3578 1533 était fixé à cinq francs qu’elle recevait par à compte sans pour jamais
1326 1512 3563 1638 terminer. La veuve Voyon exposa au Conseil qu’elle reconnaissant
1328 1615 3573 1753 devoir la somme de vingt un francs cinquante centimes ; qu’elle se refuse
1354 1728 3586 1856 à la payer parce que la demanderesse avait égaré du linge dont elle
1346 1822 3589 1973 était responsable envers les clients. Le Bureau fut d’avis que la
1333 1943 3594 2081 veuve Voyon ne pouvant justifier de la perte du linge devait payer
1336 2048 3596 2181 la somme vingt un francs cinquante centimes par cinq francs
1310 2152 3607 2301 par semaine à partir du trente un janvier mil huit cent
1318 2245 3617 2408 cinquante huit ; Les parties ayant accepté cette proposition du
1354 2383 3622 2516 Bureau Particulier la cause fut conciliée. La veuve Voyon n’ayant
1328 2483 3392 2631 pas exécuté la condition de la conciliation la cause fut
1269 2590 3632 2736 devant le  Bureau Général du dit Conseil de nouveau appelé
1315 2682 3640 2859 devant le Bureau Particulier du Mardi deux Février mil huit
