3072 4608
729 226 2872 322 Condamne en outre aux dépens taxés et liquidés envers le
721 295 2860 418 demandeur à la somme de deux francs soixante seize centimes
718 399 2864 514 et à celle de un franc quarante Cinq centimes envers le Trésor Public
706 495 2872 622 pour le papier timbré de la présente minute, le papier timbré en
748 599 2872 706 l'enregistrement de la citation, conformément à la loi du sept
733 698 2860 814 Août mil huit cent cinquante ence, non compris le cout du présent
775 794 2833 917 jugement, la signification d'icelui et ses suites. Et vu
721 894 2864 1017 les articles 435 du code de procédure civile ; 27 et 42 du
729 998 2883 1113 décret du onze juin 1809 pour signifier à la défenderesse
721 1094 2883 1209 le présent jugement, commet Potin, un de ses huissiers
725 1198 2830 1370 audienciers. Ainsi jugé les jour mois et an que dessus.
1447 2131 2165 2257 Dudit jour onze Juin
744 2231 2941 2350 Entre Madame Marie Tonnesson, ouvrière Lingère, épouse assistée
744 2342 2933 2465 et autorisée du sieur Sébastien Masson, et ce dernier, demeurants
737 2449 2929 2557 ensemble, les dits époux, à Paris, rue de Bourbon villeneuve
706 2545 2918 2661 numéro vingt six ; Demandeurs ; Comparant ; D'une part ;
725 2645 2918 2772 Et Monsieur Wolff, chemisier, demeurant et domicilié à
729 2757 2845 2864 Paris, rue neuve saint Eustache, numéro Trente Cinq
721 2856 2933 2976 Défendeur ; Défaillant ; D'autre part ; Point de fait
737 2960 2952 3083 Par lettres du secrétaire du Conseil de Prud'hommes du Département
721 3064 2956 3179 de la Seine pour l'industrie des tissus en dates des Vendredi quatre et samedi
729 3160 2968 3294 cinq juin mil huit cent cinquante huit les époux Masson firent citer
744 3275 2968 3386 Wolff à comparaître par devant ledit conseil de Prud'hommes séant
725 3375 2968 3502 en Bureaux Particuliers les samedi cinq et lundi sept juin mil huit
718 3486 2976 3594 Cent cinquante huit pour se concilier si faire se pouvait sur la demande
725 3586 2979 3705 qu'ils entendaient former contre lui devant le dit Conseil en paiement de
733 3694 2964 3805 la somme de dix sept francs cinquante Centimes qu'il leur doit pour prix
721 3793 2960 3909 de travaux faits par la dame Masson pour son compte et d'après ses
748 3897 2929 4005 ordres. Wolff n'ayant pas comparu la cause fut renvoyée devant le
725 4001 2972 4124 Bureau Général dudit Conseil séant le vendredi onze Juillet mil
748 4093 2960 4220 huit cent Cinquante huit. Cité pour ledit jour onze juin par lettres
748 4200 2960 4320 du secrétaire du Conseil en dates du Lundi sept juin mil huit Cent
744 4304 2976 4469 Cinquante huit Wolff ne comparant pas. A l'appel de la cause
