4608 3072
581 1026 4131 1146 soixante quinze centimes envers le Trésor Public pour le papier timbré de la
540 1177 4172 1297 présente minute, conformément à la loi du sept aout mil huit cent cinquante,
552 1305 4096 1451 ence, non compris la cout du présent jugement, la signification d'icelui et
586 1456 4177 1612 ses suites. Et vu les articles 435 du code de procédure, 27 et 42 du décret
547 1630 4177 1768 du onze juin 1809 pour signifier au défendeur le présent jugement, commet
555 1792 4149 1960 Fontaine, l'un de ses huissier audienciers. Ainsi jugé les jours, mois et
519 1968 1292 2188 ans que dessus.
