3072 4608
706 311 2764 399 compris le cout du présent jugement, la liquidation d’icelui et
714 380 2814 503 ses suites. Et vu les articles 435 du code de procédure civile,
691 472 2791 587 27 et 42 du décret du onze juin 1809 pour signifier au défendeur
683 568 2791 691 le présent jugement, Commet Fontaine, l’un de ses huissiers
702 656 2607 814 audienciers. Ainsi jugé les jour mois et an que dessus.
1294 1501 2142 1624 Du jour huit Janvier
672 1578 2814 1724 Entre Mademoiselle Adèle Mismaque, ouvrière demeurant à
656 1685 2768 1816 Saint Denis près Paris, rue de la Boulangerie, numéro vingt
641 1774 2791 1916 neuf ; Demanderesse ; Comparant ; D’u part ; Et Monsieur
675 1870 2764 2008 Cassal, treilleur de laine demeurant et domicilié à
645 1966 2787 2104 Saint Denis près de Paris, lieu dit la Briche ; Défendeur ;
641 2065 2764 2200 Défaillant ; D’autre part ; Point de fait ; Par lettre
656 2161 2757 2292 du secrétaire du Conseil de Prud’homme du Département
652 2257 2776 2392 de la Seine pour l’industrie du tissus, en date des jeudi dix
629 2353 2768 2492 et samedi douze Décembre mil huit cent cinquante sept la
618 2453 2657 2588 demoiselle Mismaque fit citer Cassal à comparaitre
641 2561 2753 2680 pardevant le conseil de Prud’hommes séant en Bureaux
637 2645 2799 2780 Particuliers les samedis douze et lundi quatorze Décembre
622 2741 2749 2887 mil huit cent cinquante sept  pour se concilier si faire se
618 2845 2784 2976 pouvait sur la demande qu’elle entend former contre lui
633 2949 2703 3068 devant le dit Conseil en paiement de la somme de quatorze
622 3033 2768 3179 francs qu’il lui doit pour travaux et sur celle de delai congé
606 3141 2776 3275 ou d’une indemnité pour cause de renvoi instantané et sans
602 3233 2741 3371 motif, Contrairement à l’usage et à l’égalité qui veulent
610 3340 2784 3467 que les fabricants comme ceux qu’il emploie se préviennent
599 3444 2745 3567 réciproquement un certain laps de temps à l’avance lorsqu’ils
595 3540 2776 3659 sont pour se quitter afin de ne pas se nuire mutuellement.
587 3636 2760 3759 Cassal n’ayant pas Comparu l’affaire fut renvoyé devant le
556 3736 2749 3863 Bureau Général du dit Conseil séant le vendredi dix huit
568 3836 2780 3959 Décembre mil huit cent cinquante sept et ajourné de huitaine
576 3932 2760 4051 en huitaine au vendredi huit janvier mil huit cent cinquante
541 4031 2795 4177 huit. Cité à comparaître le dit jour huit janvier par exploit de
545 4131 2780 4296 Fontaine huissier à Paris, en date du trente un Décembre
