3072 4608
1344 353 2008 426 Dudit jour onze Juin
695 403 2768 549 Entre Madame Anne Prichy, épouse assistée et autorisée
656 510 2784 637 du sieur Auguste Claude, et ce dernier, la dite dame ouvrière,
641 602 2764 725 demeurant ensemble, les dits époux, à Belleville près Paris,
645 706 2768 844 rue de Paris, numéro cent deux ; Demandeurs comparant par
645 802 2707 936 le sieur Claude ; D'une part ; Et Mademoiselle Reis,
652 898 2787 1036 fabricante de Chapeaux de paille, demeurant et domiciliée à Paris,
668 998 2787 1125 rue Meslay, numéro vingt sept ; Défenderesse ; Comparante ;
637 1098 2784 1228 D'autre part ; Point de fait — Par lettres du secrétaire du Conseil de
641 1198 2795 1332 Prud'hommes du Département de la Seine pour l'industrie des tissus
645 1309 2780 1424 en dates des Jeudi vingt sept et Samedi vingt neuf Mai mil
641 1401 2803 1528 huit Cent Cinquante huit les époux Claude firent citer la demoiselle
652 1501 2791 1628 Reis à Comparaître pardevant ledit conseil de Prud'hommes séant
656 1605 2799 1731 en Bureaux Particuliers les Samedi vingt neuf et Lundi trente
648 1708 2772 1835 un Mai mil huit Cent Cinquante huit pour se concilier si faire se
629 1816 2795 1935 pouvait sur la demande qu'ils entendaient former contre elle devant
656 1916 2791 2035 ledit conseil en paiement de la somme de vingt deux francs cinquante
637 2015 2795 2142 centimes qu'elle leur doit pour prix de travaux de la dame Claude
637 2119 2749 2246 pour son compte et d'après ses ordres. La demoiselle Reis
633 2227 2780 2338 n'ayant pas comparu la cause fut renvoyée devant le Bureau
645 2330 2795 2446 Général du dit Conseil séant le vendredi quatre Juin mil huit
645 2434 2837 2545 Cent Cinquante huit et ajournée au vendredi onze juin même mois
641 2530 2787 2649 Citée pour le dit jour onze juin par exploit de Potin, huissier à Paris
652 2638 2799 2753 en date du Cinq Juin mil huit cent cinquante huit, visé pour
629 2741 2814 2856 timbre et enregistré à Paris le sept juin mil huit cent cinquante
625 2841 2784 2968 huit, en débet de soixante dix centimes, folio Trente trois, case
641 2933 2768 3068 neuf signé : L. Drevon la demoiselle Reis comparut.
645 3045 2768 3168 A l'appel de la cause Claude se présenta et conclut à ce qu'il
606 3144 2814 3275 plut au Bureau Général dudit conseil condamner la demoiselle
614 3248 2810 3383 Reis à lui payer avec intérêts suivant la loi la somme de vingt deux
633 3352 2810 3490 francs cinquante centimes qu'elle lui doit pour prix de travaux
622 3452 2795 3586 faits par sa femme pour son compte et d'après ses ordres, plus
648 3559 2814 3686 une indemnité pour le préjudice de perte de temps qu'elle leur
656 3663 2803 3786 a fait éprouver en ne comparaissant pas devant les Bureaux
629 3747 2803 3893 du Conseil et les dépens. De son coté la demoiselle Reis se
641 3863 2795 3989 présenta et conclut à ce qu'il plut au Bureau Général du
629 3959 2787 4101 dit Conseil attendu qu'elle reconnait devoir la somme de
625 4062 2807 4197 Vingt deux francs cinquante centimes qui lui est réclamée
625 4166 2780 4289 Mais, attendu qu'elle ne peut payer en ce moment et offre
629 4266 2822 4392 de payer par à comptes ; Par ces motifs — Déclarer Claude non
618 4362 2810 4515 recevable en sa demande , Lui accorder termes et délais pour
