3072 4608
729 357 2718 476 par l’ouvrière dans le but unique de  se conserver la mais il ne lui
752 407 2714 556 avait été, à elle, d’aucun rapport. Le Bureau Particulier fut
748 499 2718 641 d’avis que la dame Fustenorff ne pouvant prouver le paiement de
725 587 2734 725 la somme réclamée, ni établir d’une manière constante que l’ouvrière
695 683 2707 829 travaillait gratuitement l’engagée déjà pendant la morte saison, elle
725 775 2737 913 serait tenue de payer la somme réclamée par Damourette. Cette
710 867 2714 1002 proposition de conciliation n’ayant pas été acceptée la cause fut
737 956 2760 1090 renvoyée devant le Bureau Général du dit Conseil séant  le vendredi
741 1059 2737 1186 vingt quatre Décembre mil huit cent cinquante sept et ajourné
718 1152 2749 1271 au Vendredi huit janvier mil huit cent cinquante huit. Cités
721 1240 2749 1363 pour le dit jour huit Janvier  les époux Fustenorff ne comparurent
706 1332 2745 1455 pas. A l’appel de la cause Damourette es noms qu’il ait se présenta
706 1432 2749 1543 et conclut à ce qu’il plut au Bureau Général du dit Conseil autorisé
695 1528 2764 1635 la dame Fustenorff à citer en justice faute par son mari  de l’avoir fait.
695 1620 2764 1727 Donne défaut Contre les époux Fustenorff non comparants ni personne
706 1712 2764 1823 pour eux quoi que dument appelés ; Et adjugeant le profit lescondamner
710 1804 2764 1927 à lui payer avec intérêts suivant la loi la somme de trente sept francs
714 1904 2768 2012 quarante centime qu’ils lui doivent  pour prix de travaux faits pas sa
698 2000 2776 2115 fille mineure pour leur compte et d’après leurs ordres, plus une indemnité
679 2100 2764 2204 pour le préjudice de perte de temps qu’ils lui ont fait éprouver en ne comparant
706 2192 2768 2304 pas devant les Bureaux du Conseil et les dépens. Point de Droit – Devait
710 2292 2780 2396 on donner défaut contre les époux Furstenorff non comparants ni personne
691 2392 2776 2503 pour eux quoique dument appelés et pour le profit adjuger au demandeur
702 2480 2784 2584 les Conclusions par lui précédemment prises ? Que devait être statué à
748 2568 2772 2691 l’égard des dépens ? Après avoir entendu Damourette en ses demandes
691 2672 2787 2780 et conclusions et en avoir délibéré Conformément à la loi ; attendu que
698 2768 2795 2876 la demande de Damourette paraît juste et fondée ; que d’ailleurs elle
695 2864 2787 2976 n’est pas contestée par les époux Fustenorff non comparants ni personne
672 2960 2787 3075 pour lui quoique dument appelés ; attendu que les époux Furstenorff ont
683 3052 2787 3179 fait perdre du temps à Damourette, ce qu’il doit réparer ; Par ces motifs –
656 3160 2734 3275 Le Bureau Général jugeant en dernier ressort autorise la dame
683 3248 2803 3379 Fusternorf a entrer en justice faute par son mari de l’avoir fait ; Donne
675 3352 2795 3471 défaut contre les époux Fustenorff non comparants ni personne
656 3444 2787 3582 pour eux quoique dument appelés ; Et adjugé le profit du dit
679 3548 2784 3686 défaut ; Condamne les époux Furstenorff non comparant ni personne
656 3655 2695 3793 pour lui quoique dument appelés à payer à Damourette la somme de
668 3763 2768 3878 trente sept francs quarante centimes qu’ils lui doivent pour prix
656 3847 2787 3974 de travaux faits par la mineure Maria Damourette pour leur
645 3939 2803 4074 compte et d’après leurs ordres, plus une indemnité  de six francs pour
664 4039 2814 4197 temps perdu ; Les condamne en outre au dépens taxé et liquidés
672 4154 2822 4331 envers les demandeurs à la somme de unfrancs quatre vingt centimes,
