4608 3072
1361 729 3571 916 pour lui quoique dument appelé ; attendu qu’en ne comparaissant
1369 837 3520 1006 pas devant les Bureaux du Conseil Wéber a causé à Aurer
1369 944 3591 1108 un préjudice de perte de temps, ce qu’il doit réparer ; Par ces motifs –
1341 1041 3581 1203 Le Bureau Général jugeant en dernier ressort ; Donne défaut
1336 1146 3619 1305 contre Wéber non comparant ni personne pour lui quoique dument
1369 1259 3522 1400 appelé ; Et adjugeant le profit du dit défaut ; condamne
1372 1354 3596 1502 Wéber à payer avec intérêts suivant la loi à Aurer la
1361 1477 3624 1630 somme de trente six francs qu’il lui doit pour prix de travaux
1341 1589 3601 1704 par lui faits pour son compte et d’après ses ordres, plus une
1328 1699 3617 1804 indemnité de neuf francs pour temps perdu ; Le condamne
1351 1815 3601 1904 en outre aux dépens taxés et liquidé en vers le demandeur à la somme de
1367 1914 3581 2007 deux francs quarante six centimes, et à celle de deux francs envers
1364 2014 3632 2119 le Trésor Public pour le papier timbré de la présente minute, le
1349 2119 3648 2232 papier timbré et l’enregistrement de la citation, conformément à la loi
1356 2232 3658 2337 du sept aout mil huit cent cinquante, ence, non compris le cout
1346 2327 3632 2444 du présente jugement, la signification d’icelui et ses suites. Et vu les
1323 2439 3663 2554 articles 435 du code de procédure civile, 27 et 42 du secret du onze juin 1809
1338 2557 3683 2682 pour signifier au défendeur le présent jugement, commet Potin, l’un
1354 2664 3658 2787 de ses huissiers audienciers. Ainsi jugé les jour moi et ans que dessus.
