3072 4608
787 610 2768 729 Conseil donner défaut contre Lain non comparant ni personne
768 668 2780 817 pour lui quoique dument appelé ; Et pour le profit le condamner
779 752 2760 902 à lui payer avec intérêts suivant la loi la somme de Cinquante
771 833 2768 990 huit francs qu'il lui doit pour prix de travaux faits par sa fille pour
764 925 2757 1082 son compte et d'après ses ordres et le condamner en outre aux dépens.
791 1013 2764 1171 Point de droit — Doit on donner défaut contre Lair non comparant
771 1109 2707 1251 ni personne pour lui régulièrement quoique dument appelé et
783 1190 2760 1351 pour le profit adjuger au demandeur les conclusions par lui précèdemment
775 1278 2734 1432 prises ? Que doit-il être statué à l'égard des dépens ? Après avoir
775 1370 2784 1528 entendu Genedor en ses demandes et conclusions et en avoir délibéré
802 1470 2784 1616 Conformément à la loi ; attendu que la demande de Lair parait
775 1555 2780 1704 juste et fondée ; que d'ailleurs elle n'est pas contestée par Lair non
768 1655 2714 1781 comparant ni personne pour lui régulièrement quoique dument
783 1735 2757 1885 appelé ; Par ces motifs — Le Bureau Général jugeant en
779 1835 2749 1969 dernier ressort Donne défaut contre Lair non comparant
764 1927 2741 2058 ni personne pour lui quoique dument appelé régulièrement
768 2012 2791 2161 quoique dument appelé ; Et adjugeant le profit du dit défaut
771 2108 2787 2246 condamne Lair à payer avec intérêts suivant la loi à Génedor
768 2204 2760 2330 et noms et qualités qu'il agit, la somme de Cinquante huit francs qu'il
760 2288 2772 2438 lui doit pour prix de travaux faits par la mineure Anna Genedor,
760 2384 2753 2534 sa fille pour son compte et d'après ses ordres ; Le Condamne
764 2488 2780 2626 en outre aux dépens taxés et liquidés envers le demandeur à la
771 2580 2784 2718 somme de quatre vingts centimes, et à celle de soixante quinze
741 2672 2784 2807 centimes envers le Trésor Public pour le papier timbré de la présente
733 2757 2799 2914 minute, conformément à la loi du sept août mil huit cent cinquante
760 2864 2776 3002 ence, non compris le cout du présent jugement, la signification
768 2941 2749 3102 d'icelui et ses suites. Et vu les articles 435 de procédure civile, 27
748 3041 2764 3187 et 42 du décret du onze Juin mil huit cent neuf pour signifier
760 3129 2764 3290 au défendeur le présent jugement, commet Potin, l'un de
741 3225 2772 3394 ses huissiers audiencier. Ainsi jugé les jour mois et an que
768 3329 2507 3525 dessus. Ainsi jugé les jour mois et an que dessus.
