4608 3072
2165 550 2723 645 Audience
2401 663 2536 760 Du
1031 734 3758 934 Vendredi vingt neuf Janvier mil huit cent cinquante huit.
1016 896 3968 1057 Siégeant : Monsieur Larouette, vice président du Conseil
1008 1003 3968 1177 de Prud’hommes du Département de la Sein pour l’industrie
916 1157 3968 1320 des tissus. Présidant l’audience en remplacement de Monsieur Biétry
993 1287 3955 1464 Président du dit Conseil empêche pour cause légitime, Stritter, Trépied,
1026 1431 3932 1607 Vinceneux et Dubosc, Prud’hommes assistés de Monsieur Lecucq,
990 1589 1576 1679 secrétaire du dit Conseil.
1021 1827 3944 1971 Entre Mademoiselle Aline Dumont, fille majeure, ouvrière,
975 1991 4001 2101 demeurant à Paris, rue Serpente, numéro trente quatre ; Demanderesse ;
936 2104 3993 2242 Comparant ; D’une part ; Et Monsieur et Madame Michel-Poiret,
972 2278 3988 2380 le dit sieur Michel tant en sont nom personnel que pour assister
960 2396 3973 2521 et autoriser la dame son épouse, la dite dame Lingère, demeurant
962 2554 3975 2705 et domiciliée à Vaugirard, rue de l’École, numéro soixante treize
