4608 3072
1331 983 3724 1093 du dit jour, à la charge par eux de la nourrir et loger pendant toute
1308 1090 3729 1203 la durée de l’apprentissage. Il fit également convenu que celle des
1300 1210 3724 1318 parties qui n’exécuterait pas la dite convention serait passible
1320 1315 3735 1423 d’une indemnité fixé à la somme de trois cent francs. De son
1326 1425 3732 1543 coté la veuve Bouquet se présenta et exposa au Conseil que la
1323 1543 3752 1674 jeune apprentie est constamment employée à nettoyer les chaussures
1300 1648 3732 1761 de sa maîtresse et aux soins du ménage ; qu’on la fait travailler
1310 1761 3755 1886 de six heures du matin à neuf et six heure du soir, quelque fois
1297 1881 3765 2001 même jusqu’à minuit ; que l’apprentie ayant mal à la main le
1297 1991 3742 2135 Docteur défendit qu’elle mit les mains dans l’eau ; que malgré cette
1328 2088 3788 2245 défense on l’employa à laver la vaisselle ; que l’apprentie fut frappée
1303 2216 3788 2357 que l’ayant mise coucher avec une jeune fille trouvée dans les rues elle
1305 2332 3814 2493 gagna une maladie cutanée (La gale). Les époux Yékiche exposèrent
1305 2439 3806 2595 au Conseil que lorsque l’apprentie rapporta la gale de chez sa mère elle n’avait
1292 2534 3822 2718 pu la gagner de la jeune fille qui n’est entrée chez eux  qu’en octobre mil huit
1323 2641 3822 2823 cent cinquante six lorsque la maladie s’était déclarée en Juillet de la même
1336 2759 3783 2974 année. Le Bureau Particulier engagea la veuve Bouquet à faire
