3072 4608
741 307 2787 437 n'ayant pas comparu la cause fut renvoyée devant le Bureau Général
737 353 2772 533 dudit Conseil séant le vendredi onze juin Mil huit Cent Cinquante huit.
741 441 2764 622 Cités pour le dit jour onze juin les époux Linger ne comparurent
748 529 2768 718 pas. A l'appel de la cause la demoiselle Thierry se présenta et
725 622 2753 802 Conclut à ce qu'il plut au Bureau Général dudit Conseil autoriser
729 718 2757 890 la dame Linger à citer en justice faute par son mari de l'avoir fait
729 810 2764 983 Donner défaut Contre les époux Linger non comparants ni personne
721 906 2760 1086 pour eux quoique dument appelés, Et pour le profit dudit défaut
733 994 2768 1175 Condamner les époux Linger à lui payer avec intérêts suivant la
698 1086 2772 1271 loi la somme de six francs qu'ils lui doivent pour prix de travaux
698 1194 2741 1367 par elle faits pour leur compte sur les ordres et dans les ateliers
714 1294 2764 1470 de le dame Linger, plus une indemnité pour le préjudice
710 1393 2764 1566 de perte de temps qu'ils lui ont fait éprouver en ne comparaissant
744 1489 2768 1647 pas devant les Bureaux du Conseil et les dépens. Point de droit
718 1578 2753 1751 Doit-on donner défaut contre les époux Linger non comparants
695 1678 2741 1847 ni personne pour eux quoique dument appelés et pour le profit
698 1770 2764 1939 adjuger à la demanderesse les conclusions par elle précèdemment prises ?
664 1866 2745 2031 que doit-il être statué à l'égard des dépens ? Après avoir entendu la
683 1969 2757 2135 demoiselle Thierry en ses demandes et conclusions et en avoir délibéré
660 2054 2764 2231 conformément à la loi; Attendu que la demande de la demoiselle Thierry
672 2154 2737 2334 parait juste et fondée, que d'ailleurs elle n'est pas contestée par les
675 2257 2764 2419 époux Linger non comparants ni personne pour eux quoique dument
668 2353 2753 2519 appelés. Attendu qu'en ne comparaissant pas devant les Bureaux
668 2446 2741 2618 du Conseil les époux Linger ont causé à la demoiselle Thierry un
648 2549 2741 2718 préjudice de perte de temps, ce qu'ils doivent réparer ; Par ces motifs
645 2649 2726 2818 le Bureau Général jugeant en premier ressort : Donne défaut contre
645 2745 2730 2910 les époux Linger non comparants ni personne pour eux quoique
633 2837 2741 3006 dument appelés ; Et adjugeant le profit dudit défaut ; Condamne
618 2929 2741 3106 les époux Linger à payer avec intérêts suivant la loi à la demoiselle
637 3029 2741 3206 Thierry la somme de six francs qu'ils lui doivent pour prix de
641 3121 2661 3310 travaux par elle faits pour leur compte et d'après leurs ordres,
614 3225 2722 3413 plus une indemnité de quatre francs cinquante centimes pour temps
633 3321 2734 3513 perdu. Les condamne en outre aux dépens taxés et liquidés envers la demoiselle
618 3421 2726 3598 la somme de deux francs dix centimes, et à celle de soixante quinze centimes
622 3517 2734 3713 envers le Trésor Public pour le papier timbré de la présente minute, conformément
622 3605 2718 3805 à la loi du sept août mil huit cent cinquante, ence, non compris le cout du
583 3705 2734 3909 présent jugement, la signification d'icelui et ses suites. Et vu les articles
572 3797 2726 4001 435 du code de procédure civile, 27 et 42 du décret du onze juin 1809 pour
587 3901 2722 4097 signifier aux défenseurs le présent jugement ; commet Potin, l'un de ses huissiers
560 3989 2123 4281 audienciés. Ainsi jugé les jour moi et an que dessus.
