4608 3072
1113 140 3573 268 et conclut à ce qu’il plut au Bureau Général du dit Conseil attendu que
1123 230 3599 381 la dame Akar lui a conseillé de faire confectionner les cols qu’il
1118 340 3617 499 achetait habituellement tout faits lui assurant qu’il en retirerait
1113 450 3609 616 un bénéfice clair ; attendu que dans les première coupes d’étoffes qui
1105 581 3632 716 lui furent données la dame Akar a retiré un douzaine de col pour
1103 680 3635 826 chacune de ces coupes ; Attendu aussi que dans les dernières elle n’en
1085 806 3627 939 retira plus que onze dans la même quantité, et que partant de là elle
1075 903 3642 1064 lui a retenu ou détruit une partie de l’étoffe à elle confiée ; Par ces motifs
1064 1026 3648 1180 Dire et ordonner que sur l’offre qu’il fait de lui payer la somme à elle
1088 1159 3648 1285 due pour les façons, somme qu’il reconnait lui devoir les époux Akar
1054 1280 2480 1382 seront tenus de lui remettre la différence
2498 1287 3658 1405 de la matière. L'étoffe existant
1062 1397 3663 1541 entre l’étoffe rendue et celle qu’ils auraient du rendre, sinon qu’ils seront
1047 1515 3660 1640 tenus de lui payer la valeur vénale, et les condamner en outre aux
1054 1633 3671 1784 dépens. Point de droit – Devait-on condamner Forteau à payer
1059 1763 3668 1884 aux époux Akar la somme de cinquante cinq francs cinq centimes pour
1034 1891 3655 2014 la façon de quatorze douzaines de cols-cravates faits par la dame Akar
1008 2001 3678 2137 pour son compte et d’après ses ordres ? Ou bien devait-on conformément
1034 2129 3678 2263 aux conclusions de Forteau dire que sur le paiement de cette somme qu’il
1008 2263 3688 2385 reconnait leur devoir les époux Akar seront tenus de lui remettre sans
1031 2391 3683 2506 lui tenir compte d’une partie de l’étoffe qui n’aurait pas été employée
1026 2503 3686 2631 à la confection de ces cols ? Que devait-il être statué à l’égard des
