3072 4608
1309 453 2015 522 Dudit jour quatre Juin
721 479 2653 656 Entre Monsieur Constant Ballin, ouvrier feuillagiste,
718 572 2661 733 demeurant à Paris, rue Saint Denis, numéro trois cent quatre
698 652 2672 833 Vingt onze ; Demandeur ; Comparant ; D'une part ; Et Monsieur
695 737 2661 910 Kirsch-Gervaise, fabricant de feuillages, demeurant et
706 833 2672 994 domicilié à Paris, rue du Caire, numéro dix neuf ; Défendeur ;
687 921 2668 1090 Défaillant ; D'autre part ; Point de fait — Par lettres du secrétaire
702 1013 2668 1159 du Conseil de Prud'hommes du Département de la Seine pour l'industrie
698 1105 2661 1244 des tissus en dates des samedi vingt neuf et Lundi trente un mai
691 1194 2657 1340 mil huit cent cinquante huit Ballin fit citer Kirsch-Gervaise à
679 1282 2657 1432 comparaître par devant le dit Conseil de Prud'hommes séant en
675 1370 2657 1520 Bureaux Particuliers les Lundi trente un Mai et Mardi premier
672 1463 2664 1608 Juin mil huit cent cinquante huit pour se concilier si faire se pouvait
672 1570 2688 1701 sur la demande qu'il entendait former contre lui devant le dit Conseil
683 1658 2672 1800 en paiement de la somme de Trente francs qu'il lui doit pour prix de
652 1747 2664 1885 travaux par lui faits pour son compte, d'après ses ordres et dans ses
683 1843 2680 1981 ateliers. Kirsch Gervaise n'ayant pas comparu la cause fut
679 1939 2664 2065 renvoyée devant le Bureau Général dudit Conseil séant le vendredi
679 2035 2688 2161 quatre juin mil huit cent cinquante huit. Cité pour le dit jour quatre
664 2127 2684 2250 Juin par lettre du secrétaire du Conseil en date du premier Juin mil huit
679 2215 2691 2350 cent cinquante huit Kirsch Gervaise ne comparut pas. A l'appel
683 2319 2688 2438 de la cause Ballin se présenta et conclut à ce qu'il plut au Bureau
675 2415 2699 2530 Général du dit Conseil donner défaut contre Ballin non comparant
675 2511 2688 2630 ni personne pour lui quoique dument appelé et pour le profit le condamne
664 2603 2672 2714 à lui payer avec intérêts suivant la loi la somme de Trente francs quil
645 2691 2707 2818 lui doit pour prix de travaux de son état par lui faits pour son compte
652 2799 2688 2906 d'après ses ordres et dans ses ateliers, plus une indemnité pour le tort
652 2899 2699 2991 qu'il lui a causé en ne comparaissant pas devant les Bureaux du
645 2983 2688 3087 Conseil et les dépens. Point de droit — Doit-on donner défaut
641 3083 2695 3194 contre Kirsch-Gervaise non comparant ni personne pour lui quoique
648 3179 2691 3275 dument appelé et pour le profit adjuger au demandeur les conclusions
645 3267 2672 3375 par lui précédemment prise ? Que doit-il être statué à l'égard des
656 3367 2703 3475 dépens ? Après avoir entendu Ballin en ses demandes et conclusions
641 3455 2703 3571 et en avoir délibéré conformément à la loi ; attendu que la demande de
652 3544 2711 3671 Ballin parait juste et fondée ; Que d'ailleurs elle n'est pas contestée
645 3640 2695 3778 par Kirsch-Gervaise non comparant ni personne pour lui
637 3743 2695 3866 quoique dument appelé ; attendu qu'en ne comparaissant pas
641 3832 2688 3955 devant les Bureaux du Conseil Kirsch-Gervaise a causé à
652 3928 2695 4055 Ballin un préjudice de perte de temps, ce qu'il doit réparer ;
641 4016 2680 4147 Par ces motifs -- Le Bureau général jugeant en dernier
625 4120 2676 4281 ressort, Donne défaut contre Kirsch-Gervaise non comparant
