4608 3072
1625 1300 3714 1413 grave puisque pour lui faire terminer son apprentissage par de
1640 1390 3727 1500 nouveaux patrons il lui sera infailliblement demandé beaucoup
1658 1497 3727 1587 plus de temps qu’il lui en reste à faire chez eux. Les époux Germain
1643 1576 3678 1687 exposèrent au Conseil que forcés de quitter l’industrie des fleurs
1620 1684 3732 1776 par suite du manque de travail ils ne pouvaient garder leur personnel.
1640 1774 3729 1871 Qu’en conséquence ils avaient remis la mineure Maitre à sa mère
1620 1876 3745 1978 mais que cette rupture de la convention verbale avant le temps fixé
1638 1968 3712 2076 ne pouvait que lui être avantageuse puisque l’apprentie était
1643 2060 3752 2170 couapable de travaille seule et qu’il lui était offert du travail en façon.
1676 2158 3727 2268 Le Bureau Particulier fut d’avis que les époux Germain ne
1651 2255 3770 2378 pouvant continuer à employer l’apprentie la convention verbale
1648 2355 3735 2465 d’apprentissage pouvait être résiliée moyennant le paiement
1610 2439 3750 2577 d’une légère indemnité de trente francs à payer au profit de la
1630 2549 3755 2667 demoiselle Maitre. Les époux Germain n’ayant pas accepté cette
1623 2647 3781 2805 proposition de conciliation la cause fut renvoyée devant le Bureau
