3072 4608
1440 664 2138 756 Du dit jour quinze janvier
714 710 2638 821 Entre Madame Julie Duffoux, ouvrière, épouse attestée
748 791 2661 910 et autorisée du sieur Pierer Théodore Roland, et ce
706 875 2645 990 dernier demeurant ensemble, les dits époux, à Lachapelle
721 952 2626 1071 Saint Denis, rue du bon puits, numéro huit ; Demandeur ;
737 1036 2661 1171 Comparant ; D’une part ; Et Monsieur Thiébault,
702 1128 2611 1248 frangeur de châles, demeurant, et domicilié, à Paris,
714 1221 2615 1332 rue du grand saint Michel, numéro vingt quatre ;
710 1301 2522 1405 Défendeur ; Comparant ; D’autre part ;
706 1382 2615 1497 Point de fait – Par lettres du secrétaire du Conseil
702 1470 2515 1585 de Prud’homme du Département de la Seine,
695 1559 2534 1674 établi à Paris, pour l’industrie du tissus, en date des
698 1647 2649 1762 Mardi cinq et Lundi six Janvier mil huit cent cinquante
698 1731 2553 1835 huit les époux Roland firent citer Thiébault à
698 1816 2630 1927 comparaître par devant le dit Conseil de Prud’hommes séant
672 1904 2607 2015 les mercredi six et samedi neuf Janvier mil huit cent
679 1996 2599 2100 cinquante huit pour se concilier si faire se pouvait sur
664 2077 2626 2192 la demander qu’ils entendaient former contre eux devant
691 2169 2599 2273 le dit Conseil en paiement de la somme de trente six francs
695 2265 2607 2373 qu’il leur doit pour prix de travaux faits par
683 2342 2584 2457 la dame Roland pour son compte et d’après ses ordres.
683 2434 2607 2561 Thiébault n’ayant pas comparu la cause fut renvoyée
683 2526 2626 2653 devant le Bureau Général du dit Conseil séant le vendredi
679 2622 2576 2745 quinze Janvier mil huit cent cinquante huit. Cité par
698 2707 2634 2826 lettre du secrétaire du conseil en date du samedi neuf janvier
672 2791 2607 2918 mil huit cent cinquante huit à comparaitre, le dit jour
660 2887 2622 3014 quinze janvier Thiébault comparut. A l’appelle de la cause
637 2972 2630 3106 les époux Roland se présentèrent et conclurent à ce qu’il plus
652 3068 2618 3202 au Bureau Général de du dit Conseil donne défaut contre
652 3152 2641 3294 condamner Théibault à leur payer avec intérêt suivant
652 3237 2638 3394 la loi la somme de trente six francs cinq centimes qu’il
648 3336 2634 3502 leur doit pour prix de travaux faits par la dame Roland
656 3444 2645 3586 pour son compte et d’après ses ordres, et le condamner en
656 3540 2622 3674 outre aux dépens. De son coté Thiébault se présenta et
641 3628 2626 3763 conclut à ce qu’il plut au Bureau Général du dit Conseil
645 3717 2630 3874 attendu qu’il se reconnaît débiteur des époux Roland de
652 3813 2649 3951 la somme par eux réclamé ; attendu qui ne pouvant la payer
622 3905 2592 4043 d’une seule fois il a offert de donner la somme de vingt
625 4001 2645 4143 francs à compte, ce qu’il fut refusé ; attendu qu’il lui est
645 4097 2645 4239 de toute impossibilité de payer la somme en une seule
645 4189 2626 4346 fois et qu’il offre encore de payer pas à compte. Par ces
