4608 3072
1472 368 3614 460 Général du dit Conseil séant le vendredi vingt deux Janvier mil huit
1431 437 3601 552 cent cinquante huit. Cités pour le dit jour vingt deux Janvier, les
1441 542 3607 642 époux Germain ne comparurent pas. A l’appel de la cause la Demoiselle
1431 647 3604 747 Maitre, ès nom qu’elle agit, se présenta et conclut à ce qu’il plut au
1451 739 3604 839 Bureau Général dudit Conseil autoriser la dame Germain à entrer
1438 834 3614 944 en justice faute par son mari de l’avoir fait ; Donner défaut contre
1425 944 3624 1054 les époux Germain non comparants ni personne pour eux quoique
1441 1041 3619 1149 dument appelés et pour le profit résilier la convention verbale
1438 1146 3632 1262 d’apprentissage consentie le premier octobre mil huit cent cinquante
1459 1246 3640 1361 six pour la mineure Margueritte Maitre sa fille et pour le
1443 1351 3624 1464 tort que lui causse cette résiliation condamner les époux Germains à
1415 1454 3653 1561 lui payer avec intérêts suivant la loi la somme de trente francs à titre
1436 1548 3645 1684 d’indemnité et les condamner aux dépens. Point de droit - Devait-on
1459 1669 3658 1789 donner défaut contre les époux Germain non comparant ni
1425 1768 3648 1891 personne pour eux quoique dument appelés et pour
1436 1863 3655 2007 le profit juger à la demanderesse les conclusions par elle précédemment
1420 1991 3663 2114 prises ? Que devait-il être statué à l’égard des dépens ? Après avoir
1451 2081 3660 2216 entendu la demoiselle Maitre en ses demandes et conclusions et en
1438 2191 3668 2324 avoir délibéré conformément à la loi attendu que la demande de la
1423 2298 3678 2439 demoiselle Maitre est juste et fondée ; que d’ailleurs  elle n’est pas
1428 2406 3688 2552 contestée par les époux Germain non comparants ni personne pour eux
1441 2503 3683 2657 régulièrement quoique dument appelés. Par ces
1441 2624 3671 2772 motifs - Le Bureau Général qui agit en premier ressort
1477 2711 3676 2869 autorise la dame Germain à entre en justice faute par son mari de l’avoir
1461 2816 3683 2987 fait ; Donne défaut contre les époux Germain non comparants ni
