3072 4608
1451 2019 1900 2131 Audience
1643 2115 1793 2238 Du
764 2192 2856 2342 Vendredi huit Janvier mil huit en cinquante huit
760 2319 2826 2419 Siégeaient : Messieurs Larouette, vice président  du
752 2400 2668 2511 Conseil de Prud’hommes du Département de la Seine,
741 2503 2891 2622 Président d’audience en remplacement de Monsieur Biétry,
733 2599 2703 2707 président du dit conseil, empêché pour cause légitime
737 2691 2853 2826 Adolphe Michel, Marienval, Dubosc et Ancelin
741 2795 2887 2918 prud’hommes assistés de Monsieur Lecusq, secrétaire
741 2883 1267 3018 du dit conseil.
779 3022 2868 3206 Entre Monsieur Frédéric Auguste Albarède, demeurant
752 3179 2837 3306 à paris, rue notre dame de Nazareth, numéro trente cinq,
741 3263 2864 3406 agissant au nom et comme chargé de l’administration de la
733 3367 2914 3505 personne et des biens de sa fille mineure Hélène Albarède,
733 3455 2895 3609 ouvrière modiste ; Demandeur ; Comparant ; D’une
744 3559 2918 3713 part ; et Mademoiselle Desgranges, maitresse
729 3659 2891 3805 modiste, demeurant et domiciliée à Paris, rue Montorgueil,
718 3740 2849 3920 numéro quarante sept ; Défenderesse, défaillant.
721 3836 2845 4020 D’autre part ; Point de fait – Par lettres du secrétaire
733 3939 2899 4124 du Conseil de Prud’homme pour l’industrie du tissus, établi
741 4047 2895 4231 à Paris pour le Département de la Seine en date des mercredi
760 4158 2922 4362 seize et jeudi dix-neuf Décembre mil huit cent cinquante
