3072 4608
725 326 2803 410 et les condamner en outre aux dépens. De son coté Brick se présenta
752 387 2822 495 et conclut à ce qu’il plut au Bureau Général  du dit conseil attendu
744 479 2845 591 que le mantelet dont d’agit a été donné à sa femme pour le broder
744 579 2841 683 en lui disant qu’il n’était pas nécessaire de se presser ; que le prix
744 664 2826 771 de façon a été fixé à deux huit francs  parce qu’elle pouvait le
752 760 2810 863 faire à son temps perdu pour le rendre en Mars ou en avril prochain
737 848 2795 967 que d’ailleurs ils se sont offert à le rendre inachevé, moyennant le
748 936 2822 1056 prix de  neuf francs pour ce qui était brodé ; attendu qu’ils offrent
771 1029 2772 1155 encore aujourd’hui de terminer et livrer le mantelet dont
768 1121 2814 1244 s’agit en leur laissant le temps nécessaire pour l’achever ;
741 1221 2764 1332 attendu aussi que la somme de deux francs que les époux
752 1305 2810 1428 Monterme prétendent avoir avancés à la dame Brick sur un
752 1405 2791 1520 travail à faire lui a été donné comme à compte sur un travail
744 1493 2695 1620 fait et pour lequel ils lui redoivent encore, celle de sept francs
756 1585 2837 1712 cinquante centimes. Par ces motifs – Déclarer  les époux Monterme
741 1681 2803 1797 non recevable en leurs demandes et les condamner aux dépens.
760 1777 2784 1896 Point de droit – Devrait-on condamner les époux Brick à
733 1885 2830 1985 payer aux époux Monterme la somme de deux francs, somme
760 1973 2818 2092 avancée à la dame Brick sur un travail qu’elle devait faire
752 2088 2818 2192 et ne fit pas. Dire et ordonner que dans le jour du jugement
741 2173 2822 2277 à intervenir les époux Brick seront tenus de remettre aux
748 2269 2845 2376 époux Monterme un mantelet en tafetas noir qu’ils ont confiés
752 2369 2795 2472 à la dame Brick pour le broder, sinon et faute par eux de ce
729 2469 2837 2576 faire les condamner à leur payer la somme de  vingt cinq francs
744 2565 2841 2664 pour leur en tenir lieu ? Ou bien devait-on accorder aux époux
748 2657 2853 2760 Brick un délai pour terminer le mantelet  dont s’agit ; en
752 2760 2814 2856 conséquence déclarer les époux Monterme  non recevables en
760 2845 2872 2949 leurs demandes ? Que devait-il être statué à l’égard des dépens
760 2945 2880 3056 après avoir entendu les parties en leur dires et conclusions respectivement
710 3041 2841 3152 et en avoir délibéré conformément à la loi ; attendu qu’il est constant
733 3141 2887 3240 que la dame Brick a reçu  la somme de deux francs à titre d’avance
729 3237 2853 3344 sur travail ; attendu que les époux Monterme ne s’opposent
752 3336 2845 3448 pas à accorder un nouveau délai pour terminer le mantelet
748 3436 2899 3536 confié à la dame Brick ; attendu qu’il paraît constant que le
741 3525 2895 3644 prix de la broderie du mantelet a été fixé à quinze francs, déduction
760 3621 2810 3743 à faire de la soie employé pour la broderie ; Par ces motifs
721 3720 2864 3839 Le bureau Général jugeant en dernier ressort  - Dire et
741 3820 2895 3939 ordonne que les époux Brick seront tenus de remettre avant
752 3916 2810 4051 le dix janvier courant aux époux Monterme le mantelet
748 4020 2849 4151 que la dame Brick  ; Fixe à quinze francs le prix
744 4120 2906 4277 de la broderie du dit mantelet déduction à faire du prix de
