4608 3072
803 491 3886 622 ateliers, pour son compte et d’après ses ordres, plus une indemnité
778 593 3906 760 de dix francs pour temps perdu ; Le condamner en outre aux dépens taxés
775 762 3916 901 et liquidé en vers le demandeur à la somme de quatre francs vingt un
732 872 3904 1044 centimes et à celle de deux francs envers le Trésor Public pour le papier
739 1029 3921 1200 timbré de la présente minute, conformément à la loi de le papier timbré et
768 1154 3939 1338 l’enregistrement de la citation, conformément à la loi du sept aout mil
762 1320 3934 1479 huit cent cinquante, ence, non compris le cout du présente jugement, la
778 1423 3955 1646 signification d’icelui et ses suites. Et vu les articles 435 du code de
727 1587 3924 1799 procédure civile, 27 et 42 du secret du onze juin 1809 pour signifier
747 1712 3970 1953 au défendeur le présent jugement, commet Potin, l’un de ses huissiers
734 1914 3648 2193 audienciers. Ainsi jugé les jour moi et ans que dessus.
