4608 3072
1338 1374 3489 1548 en recevoir l’ordre que de ses ouvriers ou le faire de son propre mouvement ;
1361 1461 3517 1697 Demande la rentrée de l’apprenti ou cent francs d’indemnité. Le Bureau
1344 1605 3514 1774 Particulier dut d’avis que Bonnefoy ne s’étant pas renfermé dans les conditions
1369 1715 3499 1868 de la conciliation du douze Décembre dernier il y avait lui à rompre
1356 1812 3504 1960 l’apprentissage sans indemnité. Bonnefoy n’ayant pas consenti à la
1356 1912 3530 2060 rupture des conventions verbales d’apprentissage par la voie de conciliation
1338 2014 3514 2155 la cause fut renvoyée devant le Bureau Général du dit Conseil séant
1338 2119 3463 2252 le vendredi vingt neuf janvier mil huit cent cinquante huit. Cité
1338 2219 3479 2352 pour le dit jour vingt huit janvier Bonnefoy comparut. A l’appel
1346 2321 3535 2457 de la cause la veuve Reymond, ès nom qu’elle agit, se présenta et conclu
1344 2432 3520 2562 à ce qu’il plus au Bureau Général du dit Conseil attendu que depuis son
1328 2534 3532 2670 entrée en apprentissage chez Bonnefoy son fils n’a été employé qu’à des travaux
1297 2639 3514 2757 d’homme de peine ; attendu que nonobstant l’engagement pris devant
1315 2739 3476 2862 le Bureau Particulier du douze Décembre dernier de ne plus faire porter
1281 2877 3506 2957 de fardeaux ni traîner la voiture par l’apprenti, Bonnefoy n’en pas
