3072 4608
672 357 2530 430 quoique dument appelés et pour le profit condamner les dits époux
664 414 2676 518 Massiquois à lui payer avec intérêts suivant la loi la somme de
660 499 2684 610 huit francs cinquante centimes qu'ils lui doivent pour prix de
648 595 2695 695 travaux faits par sa fille mineure Pauline angevert pour son
672 672 2699 783 compte et d'après ses ordres, plus telle indemnité qu'il plaira au Conseil
679 771 2676 879 fixer pour réparation du préjudice de perte de temps qu'ils lui
679 856 2703 979 ont fait éprouver en ne comparaissant pas devant les Bureaux
679 944 2745 1059 du Conseil et les dépens. Point de droit - Doit-on donner défaut
687 1040 2741 1152 contre les époux Massiquois non comparants ni personne pour eux quoique
675 1121 2680 1248 dument appelés et pour le profit adjuger à la demanderesse les
664 1224 2734 1332 conclusions par elle précèdemment prises ? Que doit-il être statué à l'egard
687 1301 2684 1432 des dépens ? Après avoir entendu la dame veuve angevert en ses
733 1393 2714 1528 demandes et conclusions et en avoir délibéré conformément à la loi;
691 1489 2737 1608 attendu que la demande de la veuve angevert parait juste et fondée;
683 1582 2737 1716 Que d'ailleurs elle n'est pas contestée par les époux Massiquois non
698 1670 2684 1808 comparants ni personne pour eux quoique dument appelés ;
706 1766 2745 1896 attendu qu'on ne comparaissant pas devant les Bureaux du Conseil
679 1858 2734 1981 les époux Massiquois ont causé à la dame veuve angevert un
718 1954 2776 2088 préjudice de perte de temps, ce qu'elle doit réparer ; Par ces motifs
721 2042 2776 2181 Le Bureau Général jugeant en dernier ressort ; Autorise la dame Massiquois
721 2135 2795 2273 a ester en justice faute par son mari de l'avoir fait ; Donne défaut contre
702 2238 2780 2373 les époux Massiquois non comparants ni personne pour eux quoique
710 2315 2799 2472 dument appelés ; Et adjugeant le profit dudit défaut condamne
721 2411 2760 2561 solidairement les époux Massiquois à payer à la dame veuve
718 2515 2799 2641 Angevert avec intérêts suivant la loi la somme de huit francs cinquante
710 2607 2764 2749 centimes qu'ils lui doivent pour prix de travaux faits par sa fille
721 2703 2787 2853 mineure Pauline angevert, plus une indemnité de quatre francs
710 2807 2760 2949 cinquante centimes pour temps perdu ; Les condamne en outre aux
721 2895 2768 3033 dépens taxés et liquidés envers la demanderesse à la somme de
733 2979 2776 3121 Trois francs quatre vingt dix sept centimes, et à celle de un franc
737 3072 2810 3221 quatre Vingt centimes envers le Trésor Public pour le papier timbré de la
752 3156 2764 3306 présente minute, le papier timbré et l'enregistrement de la citation ;
737 3267 2784 3402 conformément à la loi du sept août mil huit cent cinquante, ence, non
725 3344 2768 3502 compris le cout du présent jugement, la signification d'icelui et ses suites.
752 3440 2791 3605 Et vu les articles 435 du code de procédure civile, 27 et 42 du décret du
752 3540 2822 3682 onze Juin 1809 pour signifier aux défendeurs le présent jugement, commet
725 3621 2795 3790 Potin, l'un de ses huissiers audienciers. Ainsi jugé les jour
752 3770 1459 3912 mois et an que dessus.
