4608 3072
739 1367 1305 1436 au jour de leur entrée
744 1443 1016 1728 Chez eux
1390 320 3530 396 la remise de leur livret, ce qui leur fut refusé par les demandeurs
1392 401 3527 496 qui prétendaient les obliger quand même à conduire ce métier .
1392 486 3517 606 Ils conclurent à ce qu'il plut au Bureau Général du dit Conseil leur
1382 596 3527 706 adjuger le bénifice des conclusions par eux prises dans la citation
1390 691 3522 801 exploit de Potin ; De leur coté les défendeurs comparurent par
1384 791 3527 908 Fleury, l'un d'eux, lequel conclut à ce qu'il plut au Bureau Général
1392 888 3535 1006 dudit Conseil attendu qu'il est d'usage dans leur industrie que
1374 988 3535 1118 les Patrons se préviennent réciproquement huit jours à l'avance lorsqu'ils
1367 1095 3532 1223 sont pour se quitter afin de ne pas se nuire mutuellement, attendu
1356 1208 3496 1318 que les demandeurs ont, après deux jours de présence dans leurs
1387 1308 3530 1420 ateliers, abandonné leurs travaux et declaré ne vouloir les continuer
1379 1405 3522 1528 Attendu qu'en agissant ainsi les demandeurs n'ont pas rempli leurs
1364 1505 3530 1623 devoirs envers eux ; qu'ils sont en droit de refuser la signature de leur
1377 1610 3532 1738 livret ; que l'ayant fait signer auj signé et fait légaliser par
1379 1712 3525 1827 qui de droit ils se refusent de le signer au jour de leur sortie jugé s
1369 1807 3489 1943 Ce qu'ils aient satisfait aux conditions établis par l'usage ; Par
1354 1914 3507 2042 ces motifs — Et attendu qu'ils offrent de payer aux demandeurs la
1338 2032 3502 2140 somme qui leur est due pour salaire ; Dire et ordonner que dans
1344 2119 3520 2242 le jour du jugement à intervenir les demandeurs seront tenus de
1361 2216 3504 2344 rentrer dans leurs ateliers pour y travailler pendant huit jour
1331 2306 3481 2455 suivant l'usage, sinon et faute par eux de ce faire les déclarer
1346 2429 3473 2554 nonrecevable en leur demande en signature de livret ; Les
1369 2516 3502 2647 déclarer dans tout les cas, nonrecevables en leur demande en
1356 2606 3496 2746 indemnité pour perte de temps par suite du refus de signature de
1359 2700 3489 2841 livret et les condamner aux dépens. Point de droit — Doit on
1354 2816 3491 2938 condamner Ritaud, Fleury et compagnie à payer solidairement
1361 2900 3456 3041 à Weltzer et Quivriez la somme de quatre francs à chacun d'eux
