3072 4608
510 326 2630 514 la fabrication aussi bien que le Commerce de passementerie la durée de
514 391 2615 610 l'apprentissage serait de trois années ; que l'apprenti n'ayant été employé
526 483 2603 679 qu'à faire la place en non aux travaux de la fabrique ; qu'en outre Siégard
514 576 2618 771 lui ayant retiré, en novembre dernier, les dix francs qu'il lui donnait à
514 668 2576 863 chaque fin de mois il l'avait retiré pour le placer chez un autre Patron
526 764 2542 948 qui promettait de lui donner de quoi subvenir à ses frais d'entretien.
526 860 2580 1052 Il conclut à ce qu'il plut au Bureau Général dire les conventions verbales
510 956 2572 1144 résolues pour le fait de Siégard ; Déclarer le dit Siégard nonrecevable en
510 1044 2592 1232 sa demande en indemnité et le condamner aux dépens. De son coté
506 1148 2549 1332 Bois se présenta et conclut à ce qu'il plut au Bureau Général dudit
506 1236 2565 1409 Conseil attendu qu'il n'a pas, comme le prétend Siégard, reçut de lettre en
518 1336 2576 1509 fevrier dernier ayant trait à l'apprenti Eugène Legouge, que lorsqu'il
514 1443 2545 1597 reçut celle qui lui fut adressée par Siégard dans les premiers jours de
514 1528 2534 1685 Mai dernier l'apprenti était chez lui depuis trois jours sans qu'il l'ait
526 1616 2511 1781 attiré en aucune façon; qu'il ne l'a reçu que parce que cet apprenti
503 1720 2549 1873 est venu lui dire que son Patron ayant cessé de le payer il l'avait quitté
514 1812 2565 1969 et cherchait à se procurer une autre maison ; Que d'ailleurs il l'a toujours
491 1900 2580 2062 laissé libre de se retirer quand bon lui semblerait. Par ces motifs – Ence
506 2004 2592 2158 qui le concerne, déclarer Siégard non recevable en sa demande, l'en
483 2088 2572 2261 débouter et le condamner aux dépens. Point de droit- Doit on dire
495 2200 2572 2353 que le mineur Eugéne Legouge ayant son Patron d'apprentissage pour entrer
499 2284 2515 2453 au service d'un autre fabricant et ce, avant l'expiration du temps fixé pour
483 2384 2576 2549 la durée de l'apprentissage les conventions verbales intervenues entre Siégard
499 2480 2522 2630 et la veuve Legouge et Auguste Legouge en Décembre dernier sont et
479 2576 2553 2737 demeurent résolues ; Et pour le tort que cause cette résolution à Siégard
510 2664 2572 2845 condamner la veuve Legouge et auguste Legouge à lui payer la somme
483 2764 2568 2937 de cinq Cents francs à titre d'indemnité ? Doit-on dans ce cas dire qu'il
495 2868 2576 3033 y a eu détournement de l'apprenti par Bois et rendre le dit Bois passible
487 2964 2561 3133 du paiement de cette indemnité ? Ou bien doit-on dire que les conventions
460 3052 2545 3229 verbales n'ayant pas été éxécutées par Siégard soit en n'enseignant pas la
483 3152 2588 3329 fabrication de la passementerie soit en ne payant pas, depuis novembre dernier
499 3252 2565 3409 les dix francs qu'il s'est engagé à donner fin de chaque moi à l'apprenti
476 3336 2565 3505 les Conventions verbales d'apprentissage sont et demeureront résolues par le
483 3432 2561 3594 fait de Siégard ; En ce cas déclarer le dit Siégard nonrecevable en sa
472 3536 2576 3694 demande en indemnité ? Doit-on dire Bois non passible dans tous les cas,
487 3621 2572 3793 de tout ou partie de l'indemnité que pourrait être alloué à Siégard par les parents
487 3717 2572 3870 de l'apprenti par la raison qu'il n'aurait pas contribué à la sortie du jeune
472 3801 2588 3970 Legouge des ateliers de Siégard ? Que doit-il être statué à l'égard des dépens ?
472 3901 2565 4062 Après avoir entendu les parties en leurs demandes et conclusions respectivement
479 4008 2568 4147 et en avoir délibéré conformément à la loi ; attendu qu'il resulte des explications
495 4097 2568 4270 fournies par les parties à l'audience que le temps de l'apprentissage du mineur
