4608 3072
1246 209 3584 294 journées à raison de six francs, lesquelles ont été passées à monter
1254 286 3599 407 et organiser la machine et le condamner aux dépens. De son coté
1256 399 3578 506 Borne se présenta et conclut à ce qu’il plut au Bureau Général
1249 509 3589 627 attendu qu’il a employé Boyer en qualité d’ouvrier coupeur pendant
1256 616 3609 739 l’espace de deux mois et demi il lui a payé ses journées à raison de six
1259 721 3614 839 francs ; attendu qu’il n’en convenu de rien payer pour l’apprentissage
1259 826 3614 957 que du reste il  n’a pas fait puisqu’il n’a jamais été montré par
1246 954 3630 1067 Boyer ; qu’il doit à son intellinge et non aux soins de Boyer de
1249 1039 3627 1198 savoir couper le poil de lapin ; Par ces motifs Déclarer Boyer
1267 1164 3640 1290 non recevable en sa demande en paiement de cent francs pour
1233 1274 3658 1410 le prix d’apprentissage, et pour le cas ou le conseil croirait le condamner
1239 1392 3645 1520 à lui payer un prix quelconque d’apprentissage lui accorder
1228 1492 3660 1630 termes et délais. Point de droit- Devait-on condamner Borne
1246 1615 3665 1763 à payer à Boyer la somme de cent francs pour prix de l’apprentissage
1251 1730 3668 1886 de ce dernier, plus celle de vingt quatre francs pour quatre journées passées
1249 1845 3665 1999 à faire marcher la machine ? Ou bien devait-on conformément
1241 1968 3642 2127 aux conclusions de Borne déclarer Boyer non recevable en sa
1246 2068 3683 2240 demande concernant le pris d’apprentissage ? Que devait-il etre
1249 2196 3699 2357 statué à l’égard des dépens ? Après avoir entendu les parties en leurs
1241 2314 3694 2470 demandes et conclusions respectivement et en avoir délibéré conformément
1241 2432 3696 2600 à la loi ; attendu qu’il résulte de l’audition des parties à l’audience
1251 2552 3701 2726 que Borne, qui n’avait jamais exercé la profession de coupeur
1251 2657 3706 2839 de poils de lapin à tout à coup acheté une machine servant à l’exploitation de
1246 2775 3706 2967 ce genre métier ; qu’il résulte également de ses explications fournies par
1264 2903 3686 3069 les partie et des dires de la dame Borne à l’audience du Bureau
