4608 3072
980 184 3688 360 cent cinquante huit. La veuve  Voyon n’ayant pas comparu
970 304 3706 499 la cause fut renvoyée devant le Bureau Général du dit Conseil
952 422 3714 622 séant le vendredi cinq Février mil huit cent cinquante huit. Cité
960 535 3648 757 pour le dit jour cinq février la demoiselle Flamand comparut
983 688 3683 860 A l'appel de la cause la veuve Voyon comparut pas. A
960 821 3729 988 l’appel de la cause la demoiselle Flamand se présenta et conclut à
985 929 3712 1118 ce qu’il plut au Bureau Général du dit Conseil donner défaut
980 1064 3712 1249 contre la veuve Voyon non comparante ni personne pour elle
960 1198 3735 1374 quoique dument appelée et pour le profit la condamner à lui payer
960 1328 3737 1484 avec intérêts suivant la loi la somme de vingt un francs cinquante
957 1461 3742 1597 centimes qu’elle lui doit pour prix de travaux par elle fait pour son
926 1600 3750 1733 comptes et d’après ses ordres, plus une indemnité pour le préjudice
952 1740 3763 1861 de perte de temps qu’elle lui a fait éprouver en ne comparaissant pas devant
901 1858 3755 1994 les Bureaux du Conseil et les dépens. Point de droit - Devait-on donner
952 1976 3765 2129 défaut contre la veuve Voyon non comparante ni personne pour elle
944 2101 3758 2260 quoique dument appelée et pour le profit adjuger au demanderesse
952 2214 3770 2362 les conclusions par elle précédemment prises ? Que devait-on statuer
960 2362 3773 2516 à l’égard des dépens ? Après avoir entendu la demoiselle Flamand
954 2503 3770 2649 en ses demandes et conclusions et en avoir délibéré conformément à
