<?xml version="1.0" encoding="UTF-8"  standalone="yes"?>
<PcGts xmlns="http://schema.primaresearch.org/PAGE/gts/pagecontent/2019-07-15" xmlns:xsi="http://www.w3.org/2001/XMLSchema-instance" xsi:schemaLocation="http://schema.primaresearch.org/PAGE/gts/pagecontent/2019-07-15 http://schema.primaresearch.org/PAGE/gts/pagecontent/2019-07-15/pagecontent.xsd">
  <Metadata>
	<Creator>escriptorium</Creator>
	<Created>2022-02-22T22:26:59.673800+00:00</Created>
        <LastChange>2022-02-22T22:26:59.673822+00:00</LastChange>

  </Metadata>
  <Page imageFilename="PH 1858-47.jpg" imageWidth="4608" imageHeight="3072">

    

    
    <TextRegion id="eSc_dummyblock_">
    
    
      <TextLine id="r2l3" >
        <Coords points="1940,576 1945,460 2073,463 2104,494 2158,496 2168,506 2216,476 2291,499 2319,483 2334,499 2373,504 2398,483 2475,478 2508,496 2542,476 2560,486 2590,476 2624,512 2659,527 2813,532 2851,527 2905,483 2979,486 2990,496 3000,486 3031,488 3066,517 3095,509 3107,519 3138,496 3179,509 3194,527 3230,522 3256,542 3374,545 3376,614 3368,647 3338,642 3317,622 3281,637 3243,616 3200,645 3169,619 3089,629 3061,614 3010,657 2995,657 2900,655 2862,614 2810,637 2787,611 2744,650 2618,647 2575,601 2521,622 2490,599 2411,611 2398,601 2327,606 2304,593 2240,614 2196,596 2155,611 2124,588 2104,604 1943,586"/>
        <Baseline points="1941,576 2012,580 2084,584 2156,588 2228,591 2300,594 2371,596 2443,599 2515,600 2587,602 2659,603 2730,605 2802,605 2874,606 2946,608 3018,609 3089,609 3161,611 3233,612 3305,613 3377,615"/>
        <TextEquiv>
          <Unicode>Du dit jour vingt neuf Janvier</Unicode>
        </TextEquiv>
      </TextLine>

    
    
      <TextLine id="r2l4" >
        <Coords points="793,691 803,601 865,601 965,650 998,652 1121,634 1182,606 1466,611 1630,680 1648,673 1681,683 1715,668 1771,688 1953,691 2022,663 2119,693 2137,686 2186,696 2414,698 2470,680 2531,696 2598,675 2649,698 2744,706 2839,696 2882,706 2915,693 2959,709 3048,691 3151,645 3271,645 3376,686 3504,704 3655,652 3706,652 3950,657 4026,696 4106,711 4119,752 4106,768 4026,778 3840,765 3811,778 3732,780 3645,768 3427,775 3399,760 3333,770 3284,760 3205,770 3146,755 3013,768 2961,757 2595,760 2439,744 2357,755 2319,739 2234,752 2068,742 2040,750 2019,737 1935,747 1902,734 1797,744 1753,727 1625,742 1574,739 1525,721 1364,727 1292,716 1231,732 1203,719 1164,729 1131,714 803,711"/>
        <Baseline points="795,693 961,699 1127,704 1293,710 1460,714 1626,720 1792,725 1959,729 2125,734 2291,738 2458,742 2624,746 2790,749 2956,752 3123,753 3289,755 3455,756 3622,756 3788,756 3954,755 4121,753"/>
        <TextEquiv>
          <Unicode>Entre monsieur Pierre Parissot, ouvrier demeurant à Paris, </Unicode>
        </TextEquiv>
      </TextLine>

    
    
      <TextLine id="r2l5" >
        <Coords points="744,829 755,780 814,765 870,788 898,775 926,785 983,762 1029,770 1139,742 1256,744 1359,762 1456,801 1807,811 1932,814 2030,783 2071,778 2109,788 2168,765 2508,770 2583,773 2705,829 2746,832 2831,832 2895,808 2946,832 3048,837 3092,816 3123,826 3189,806 3384,844 3435,829 3463,837 3502,821 3530,834 3576,816 3604,826 3714,826 3788,798 3957,803 4042,839 4078,839 4129,860 4142,903 4129,919 4032,926 3952,916 3919,929 3896,916 3840,921 3788,911 3578,908 3532,919 3471,906 3412,919 3379,903 2987,911 2967,898 2851,908 2705,896 2547,901 2524,890 2188,893 2145,878 2114,888 1991,888 1912,872 1871,883 1827,872 1781,883 1456,878 1418,860 1236,867 1208,855 1105,870 1067,855 1044,865 975,849 872,860 839,849 811,860 755,847"/>
        <Baseline points="746,831 915,839 1085,846 1255,852 1425,858 1595,864 1765,869 1934,873 2104,878 2274,881 2444,885 2614,888 2784,890 2954,893 3123,896 3293,897 3463,899 3633,900 3803,902 3973,903 4143,905"/>
        <TextEquiv>
          <Unicode>rue des Carmes, numéro quinze ; Demandeur ; Comparant ; D’une </Unicode>
        </TextEquiv>
      </TextLine>

    
    
      <TextLine id="r2l6" >
        <Coords points="709,998 719,906 739,911 791,888 883,896 944,924 1036,890 1141,903 1203,893 1384,931 1405,926 1438,944 1553,898 1664,901 1725,926 1797,903 1984,903 2045,913 2109,944 2160,929 2193,944 2375,939 2447,911 2544,957 2583,960 2639,960 2711,934 2731,944 2759,934 2826,936 2874,960 2926,939 2979,965 3079,965 3171,934 3194,944 3256,934 3287,952 3315,944 3371,970 3678,975 3773,936 3855,977 3998,977 4011,1044 3988,1067 3916,1062 3855,1077 3827,1062 3793,1072 3750,1059 3712,1070 3589,1064 3550,1080 3517,1064 3440,1057 3386,1077 3225,1070 3192,1054 3143,1064 3082,1057 3048,1072 2856,1070 2775,1054 2728,1067 2670,1054 2647,1064 2442,1064 2408,1049 2375,1057 2270,1041 2216,1054 2096,1034 2012,1059 1896,1057 1792,1031 1763,1041 1730,1029 1625,1036 1610,1026 1500,1036 1438,1024 1064,1021 1013,1044 980,1044 888,1016 793,1016 716,1041"/>
        <Baseline points="711,999 876,1002 1041,1005 1206,1008 1371,1011 1536,1016 1701,1020 1866,1025 2031,1029 2196,1032 2362,1037 2527,1041 2692,1044 2857,1047 3022,1050 3187,1052 3352,1053 3517,1053 3682,1052 3847,1050 4013,1047"/>
        <TextEquiv>
          <Unicode>part ; Et Madame veuve Ducoudin, maitresse de lavoir, </Unicode>
        </TextEquiv>
      </TextLine>

    
    
      <TextLine id="r2l7" >
        <Coords points="724,1144 737,1095 824,1062 875,1080 898,1072 926,1088 949,1080 988,1098 1116,1100 1269,1039 1538,1047 1704,1108 1792,1072 1843,1077 1876,1062 1922,1070 1950,1057 2024,1052 2301,1054 2357,1082 2460,1100 2547,1095 2598,1080 2662,1095 2700,1077 2746,1082 2816,1062 2936,1108 3069,1064 3210,1067 3284,1103 3330,1095 3432,1134 3988,1141 4034,1121 4093,1121 4136,1136 4147,1192 4134,1216 4055,1203 3973,1218 3934,1200 3847,1200 3791,1218 3653,1203 3586,1213 3466,1203 3430,1213 3356,1198 3253,1210 3235,1200 3072,1208 2882,1195 2396,1198 2362,1182 2232,1195 2145,1175 2071,1192 1973,1177 1756,1187 1722,1172 1597,1177 1569,1167 1466,1185 1402,1164 734,1157"/>
        <Baseline points="725,1145 896,1146 1067,1149 1238,1152 1409,1157 1581,1161 1752,1165 1923,1169 2094,1174 2265,1178 2437,1182 2608,1187 2779,1191 2950,1194 3121,1196 3293,1199 3464,1199 3635,1199 3806,1199 3977,1196 4149,1193"/>
        <TextEquiv>
          <Unicode>demeurant et domiciliée à Paris, rue Pierre Levée, numéro quatre </Unicode>
        </TextEquiv>
      </TextLine>

    
    
      <TextLine id="r2l8" >
        <Coords points="734,1297 742,1223 783,1233 1164,1239 1280,1190 1512,1192 1669,1249 1822,1249 1932,1205 2017,1218 2053,1203 2132,1203 2216,1231 2278,1223 2306,1236 2393,1216 2460,1246 2511,1231 2585,1262 2626,1264 2721,1264 2836,1216 2990,1218 3102,1272 3284,1274 3335,1262 3386,1277 3525,1226 3740,1239 3786,1231 3916,1285 3978,1262 4037,1280 4126,1246 4139,1251 4147,1354 4134,1387 4093,1379 4070,1390 3991,1364 3827,1377 3740,1361 3694,1382 3614,1359 3525,1356 3427,1356 3297,1390 3223,1390 3061,1387 3038,1377 3005,1384 2903,1346 2813,1354 2744,1379 2664,1379 2557,1344 2488,1351 2396,1341 2298,1367 2219,1349 2163,1364 2129,1349 2083,1354 2042,1341 1981,1367 1827,1367 1781,1354 1735,1361 1684,1338 1610,1346 1564,1328 1541,1338 1507,1328 1418,1331 1359,1356 1303,1331 1239,1341 1200,1328 1103,1354 1041,1351 916,1315 814,1315 744,1338"/>
        <Baseline points="735,1299 905,1305 1076,1311 1247,1316 1417,1319 1588,1323 1759,1326 1929,1329 2100,1332 2271,1334 2442,1335 2612,1338 2783,1340 2954,1341 3124,1343 3295,1344 3466,1347 3636,1349 3807,1350 3978,1353 4149,1356"/>
        <TextEquiv>
          <Unicode>et six ; Defenderesse ; Défaillant ; D’autre part ; Point de fait – </Unicode>
        </TextEquiv>
      </TextLine>

    
    
      <TextLine id="r2l9" >
        <Coords points="698,1466 711,1364 1029,1364 1121,1367 1218,1408 1264,1397 1349,1418 1456,1377 1543,1405 1612,1390 1738,1384 1822,1415 1886,1395 1930,1405 2027,1382 2086,1382 2142,1405 2165,1400 2250,1420 2286,1408 2337,1420 2421,1384 2524,1377 2695,1425 2905,1402 2979,1431 3048,1423 3095,1433 3253,1425 3665,1436 3727,1408 3750,1413 3801,1392 3880,1402 3944,1387 4024,1420 4111,1408 4121,1492 4085,1507 3978,1500 3896,1515 3873,1507 3845,1520 3781,1520 3742,1505 3683,1518 3479,1518 3432,1505 3095,1515 3025,1497 2964,1512 2854,1497 2798,1510 2682,1510 2654,1497 2613,1507 2368,1497 2237,1507 2196,1495 2160,1507 2127,1497 2081,1507 2042,1492 1943,1505 1899,1487 1812,1505 1784,1492 1681,1482 1456,1489 1377,1479 1233,1489 1205,1479 1039,1479 998,1497 947,1497 890,1477 770,1477 706,1497"/>
        <Baseline points="699,1467 870,1469 1041,1470 1212,1472 1383,1475 1554,1476 1725,1479 1897,1481 2068,1484 2239,1485 2410,1488 2581,1490 2752,1491 2923,1493 3095,1494 3266,1494 3437,1496 3608,1496 3779,1494 3950,1494 4122,1493"/>
        <TextEquiv>
          <Unicode>Par lettre du secrétaire du Conseil de Prud’homme du le Département </Unicode>
        </TextEquiv>
      </TextLine>

    
    
      <TextLine id="r2l10" >
        <Coords points="729,1615 737,1536 788,1548 832,1538 852,1548 936,1525 1192,1528 1241,1553 1290,1541 1351,1561 1379,1548 1433,1569 1525,1569 1620,1533 1712,1536 1784,1566 1856,1538 1899,1536 1943,1538 2001,1566 2058,1548 2145,1576 2206,1551 2280,1576 2342,1576 2419,1551 2506,1579 2664,1582 2746,1546 2856,1548 2949,1579 3074,1587 3189,1587 3261,1574 3289,1587 3361,1589 3463,1553 3573,1556 3627,1582 3660,1574 3688,1587 3776,1566 3868,1594 3996,1589 4014,1651 3957,1671 3776,1658 3727,1669 3699,1658 3622,1674 3578,1658 3509,1656 3371,1671 3271,1656 3087,1669 3043,1653 2987,1666 2846,1666 2549,1651 2488,1661 2237,1658 2045,1640 1948,1653 1891,1640 1832,1653 1751,1640 1628,1651 1530,1651 1507,1640 1464,1651 1405,1633 1310,1646 1285,1633 1218,1646 1103,1646 1075,1633 1026,1646 960,1628 896,1640 839,1628 791,1643 737,1628"/>
        <Baseline points="731,1617 895,1620 1059,1623 1223,1626 1388,1629 1552,1631 1716,1634 1880,1635 2045,1638 2209,1640 2373,1641 2537,1643 2702,1644 2866,1646 3030,1647 3194,1649 3359,1649 3523,1650 3687,1650 3851,1652 4016,1652"/>
        <TextEquiv>
          <Unicode>de la Seine pour l’industrie des tissus en date des mardi douze et </Unicode>
        </TextEquiv>
      </TextLine>

    
    
      <TextLine id="r2l11" >
        <Coords points="716,1776 724,1707 793,1681 1018,1681 1118,1720 1226,1720 1323,1684 1413,1720 1469,1722 1553,1707 1597,1687 1638,1687 1715,1722 1850,1725 2037,1722 2117,1689 2150,1689 2229,1728 2419,1707 2493,1728 2526,1712 2672,1712 2695,1702 2769,1730 2854,1720 2933,1728 2954,1717 2972,1725 3005,1712 3046,1728 3079,1712 3151,1712 3187,1728 3253,1699 3343,1697 3456,1699 3517,1720 3558,1720 3591,1704 3653,1728 3742,1717 3778,1702 3873,1702 3939,1730 4080,1733 4096,1799 4072,1812 4008,1817 3868,1809 3819,1820 3778,1809 3750,1820 3727,1809 3665,1822 3604,1807 3520,1822 3440,1812 3394,1822 3338,1807 3281,1820 3176,1804 3028,1820 2990,1807 2956,1817 2836,1815 2808,1802 2595,1802 2567,1815 2488,1815 2449,1799 2385,1815 2342,1799 2245,1812 2216,1799 2150,1809 2109,1797 1925,1812 1835,1794 1799,1809 1728,1809 1704,1799 1484,1809 1446,1797 1405,1807 1367,1792 1164,1792 1136,1804 1090,1789 1062,1799 1024,1789 944,1799 893,1789 724,1794"/>
        <Baseline points="717,1778 886,1779 1055,1781 1224,1782 1393,1784 1562,1785 1731,1787 1900,1788 2069,1790 2238,1790 2407,1791 2576,1793 2745,1793 2914,1794 3083,1796 3252,1796 3421,1797 3590,1797 3759,1799 3928,1800 4097,1800"/>
        <TextEquiv>
          <Unicode>mercredi treize Janvier mil huit cent cinquante huit Parissot fit citer </Unicode>
        </TextEquiv>
      </TextLine>

    
    
      <TextLine id="r2l12" >
        <Coords points="698,1940 711,1902 791,1891 816,1902 1336,1904 1418,1868 1510,1904 1868,1907 1996,1856 2181,1856 2250,1886 2296,1873 2337,1891 2378,1879 2429,1891 2534,1858 2800,1861 2864,1889 2892,1881 2956,1899 2997,1886 3089,1896 3169,1861 3292,1876 3343,1899 3453,1868 3545,1881 3627,1914 3709,1889 3760,1902 3865,1866 3916,1866 3985,1896 4136,1866 4154,1873 4165,1958 4111,1978 4055,1973 4019,1989 3834,1978 3752,1960 3719,1971 3673,1960 3586,1971 3545,1960 3361,1960 3302,1973 3274,1960 3123,1971 3100,1960 2979,1958 2920,1971 2874,1958 2839,1973 2810,1960 2752,1971 2677,1966 2631,1986 2337,1986 2291,1966 2260,1978 2214,1971 2186,1984 2099,1973 2058,1984 1879,1984 1753,1955 1653,1976 1533,1950 1428,1966 1331,1955 1290,1973 1244,1973 1146,1948 1093,1963 1059,1950 990,1960 849,1955 816,1971 747,1950 706,1960"/>
        <Baseline points="701,1943 874,1945 1047,1947 1220,1949 1394,1949 1567,1950 1740,1950 1914,1950 2087,1950 2260,1950 2434,1950 2607,1950 2780,1950 2953,1950 3127,1950 3300,1950 3473,1952 3647,1953 3820,1955 3993,1957 4167,1959"/>
        <TextEquiv>
          <Unicode>la veuve Ducoudin à comparaître par devant le dit Conseil séant les</Unicode>
        </TextEquiv>
      </TextLine>

    
    
      <TextLine id="r2l13" >
        <Coords points="727,2091 737,2004 947,2004 1031,2030 1134,2014 1200,2042 1308,2007 1423,2007 1518,2045 1722,2045 1858,2007 1989,2012 2035,2032 2078,2024 2176,2048 2380,2048 2424,2027 2498,2050 2606,2040 2629,2050 2708,2040 2805,2050 2872,2024 2992,2012 3105,2053 3189,2053 3240,2030 3338,2048 3412,2014 3507,2014 3540,2030 3632,2017 3745,2053 3773,2042 3801,2055 3880,2055 3973,2022 4044,2055 4113,2055 4126,2106 4096,2127 4044,2119 4016,2132 3865,2132 3819,2117 3558,2117 3535,2127 3496,2114 3148,2114 3087,2129 2990,2114 2905,2122 2882,2112 2854,2122 2731,2112 2708,2122 2560,2114 2498,2124 2419,2112 2373,2124 2311,2114 2247,2124 2106,2124 2083,2114 2037,2124 1863,2124 1817,2106 1733,2106 1653,2122 1459,2122 1408,2106 1249,2119 1136,2104 960,2117 875,2104 785,2104 752,2117 734,2109"/>
        <Baseline points="729,2093 907,2096 1086,2097 1265,2099 1444,2100 1623,2102 1802,2103 1981,2105 2160,2105 2339,2106 2517,2106 2696,2108 2875,2108 3054,2108 3233,2109 3412,2109 3591,2109 3770,2109 3949,2109 4128,2108"/>
        <TextEquiv>
          <Unicode>Mercredi treize et samedi seize Janvier mil huit cent cinquante huit </Unicode>
        </TextEquiv>
      </TextLine>

    
    
      <TextLine id="r2l14" >
        <Coords points="698,2260 709,2173 750,2155 852,2155 977,2206 1011,2206 1062,2183 1198,2206 1392,2206 1448,2181 1564,2199 1653,2163 1676,2170 1699,2160 1802,2186 1835,2176 1894,2183 1945,2206 2024,2196 2048,2206 2127,2206 2196,2176 2298,2196 2360,2188 2406,2206 2508,2206 2554,2188 2593,2204 2726,2206 2810,2168 2862,2191 2903,2183 2954,2206 3089,2206 3225,2155 3261,2155 3351,2193 3425,2163 3499,2183 3573,2155 4011,2155 4103,2178 4116,2260 4103,2273 4052,2273 4024,2286 3898,2286 3834,2270 3801,2280 3768,2270 3658,2280 3635,2273 3563,2286 3499,2273 3476,2283 3374,2273 3340,2283 3312,2270 3266,2280 3043,2270 2964,2286 2895,2273 2872,2283 2803,2273 2764,2283 2588,2270 2519,2286 2332,2286 2257,2270 2160,2286 2045,2286 2012,2270 1960,2286 1914,2286 1886,2273 1784,2286 1584,2286 1543,2270 1361,2270 1315,2280 1287,2270 1246,2286 1185,2286 1093,2270 1070,2280 1049,2270 780,2270 747,2286 706,2286"/>
        <Baseline points="701,2262 871,2262 1042,2262 1213,2262 1384,2262 1555,2264 1726,2264 1897,2264 2068,2265 2239,2265 2410,2265 2580,2265 2751,2265 2922,2267 3093,2267 3264,2267 3435,2265 3606,2265 3777,2265 3948,2264 4119,2262"/>
        <TextEquiv>
          <Unicode>pour se concilier si faire se pouvait sur la demande qu’il entendait </Unicode>
        </TextEquiv>
      </TextLine>

    
    
      <TextLine id="r2l15" >
        <Coords points="747,2421 755,2350 816,2321 936,2321 1026,2362 1175,2362 1231,2337 1272,2352 1323,2342 1497,2352 1571,2319 1651,2319 1707,2344 1748,2342 1794,2357 1856,2339 1920,2350 1981,2334 2014,2347 2094,2316 2209,2314 2288,2344 2401,2324 2452,2347 2521,2329 2577,2355 2639,2344 2690,2355 2862,2352 2895,2339 2923,2352 3036,2311 3066,2324 3151,2327 3184,2309 3320,2311 3407,2350 3453,2350 3496,2329 3525,2339 3571,2319 3599,2324 3645,2309 3786,2306 3883,2347 4134,2339 4152,2403 4126,2421 3996,2429 3916,2429 3873,2416 3837,2429 3747,2429 3724,2419 3696,2429 3566,2432 3520,2419 3491,2432 3361,2432 3299,2416 3264,2432 3179,2434 3123,2434 3095,2421 3015,2434 2736,2434 2698,2421 2590,2437 2475,2424 2408,2437 2357,2437 2329,2424 2170,2424 2147,2434 2055,2424 2027,2437 1966,2439 1891,2424 1817,2439 1761,2432 1653,2442 1620,2426 1510,2426 1466,2439 1431,2426 1239,2426 1006,2437 977,2429 916,2444 860,2429 801,2429 757,2444"/>
        <Baseline points="750,2424 920,2421 1090,2418 1260,2415 1430,2414 1601,2412 1771,2411 1941,2411 2111,2411 2281,2411 2452,2411 2622,2411 2792,2412 2962,2412 3132,2412 3303,2412 3473,2411 3643,2411 3813,2409 3983,2408 4154,2405"/>
        <TextEquiv>
          <Unicode>former contre elle devant le dit conseil en délai de congé conformément </Unicode>
        </TextEquiv>
      </TextLine>

    
    
      <TextLine id="r2l16" >
        <Coords points="693,2577 704,2511 1346,2511 1438,2470 1497,2470 1561,2488 1625,2470 1666,2480 1694,2470 1817,2470 1881,2496 1922,2488 1976,2511 2086,2506 2150,2478 2196,2472 2296,2506 2332,2496 2365,2511 2401,2511 2560,2470 2616,2470 2680,2488 2744,2470 2862,2470 2961,2501 3036,2496 3077,2508 3130,2501 3205,2470 3363,2470 3409,2490 3463,2496 3504,2480 3555,2493 3578,2485 3655,2511 3737,2488 3801,2498 3865,2470 3965,2508 4034,2480 4080,2480 4180,2503 4193,2577 4180,2600 4016,2600 3965,2583 3916,2595 3870,2580 3801,2593 3747,2580 3673,2598 3596,2580 3543,2590 3520,2580 3422,2580 3374,2595 3328,2583 3276,2598 3246,2588 3217,2600 3130,2590 3100,2600 2972,2600 2877,2580 2657,2590 2626,2580 2406,2580 2352,2600 2306,2585 2283,2593 2224,2580 1973,2580 1896,2600 1827,2588 1776,2600 1745,2588 1681,2595 1630,2585 1605,2595 1571,2583 1477,2598 1379,2588 1280,2600 1167,2590 1111,2600 888,2600 819,2588 724,2590 701,2600"/>
        <Baseline points="695,2579 879,2580 1063,2582 1247,2581 1431,2580 1615,2579 1799,2577 1984,2576 2168,2573 2352,2571 2536,2570 2720,2568 2904,2567 3089,2565 3273,2565 3457,2567 3641,2568 3825,2571 4009,2574 4194,2580"/>
        <TextEquiv>
          <Unicode>à l’usage et liquidé qui veulent que les fabricants comme ceux qu’ils emploient </Unicode>
        </TextEquiv>
      </TextLine>

    
    
      <TextLine id="r2l17" >
        <Coords points="678,2759 686,2685 780,2654 811,2654 867,2680 906,2672 947,2690 1192,2680 1244,2688 1295,2670 1313,2675 1402,2634 1551,2631 1574,2641 1681,2631 1815,2682 2094,2680 2109,2670 2155,2677 2234,2654 2286,2677 2383,2677 2434,2662 2462,2670 2498,2654 2583,2672 2675,2647 2713,2659 2772,2644 2856,2649 2890,2634 2918,2641 2941,2631 2977,2634 3066,2670 3164,2670 3233,2657 3330,2616 3688,2613 3781,2626 3814,2611 3906,2611 4019,2662 4083,2662 4096,2728 4085,2749 3870,2736 3806,2764 3760,2746 3686,2741 3430,2744 3379,2764 3333,2746 3289,2764 3215,2752 3169,2764 3084,2744 2913,2792 2634,2795 2565,2767 2519,2759 2490,2769 2439,2752 2332,2772 2122,2752 2035,2780 1989,2767 1955,2780 1843,2752 1733,2762 1681,2782 1625,2762 1556,2772 1541,2764 1495,2787 1420,2762 1328,2759 1267,2780 1210,2780 1169,2764 1100,2795 1011,2764 960,2790 862,2810 686,2810"/>
        <Baseline points="680,2762 850,2759 1021,2757 1192,2754 1363,2753 1534,2750 1705,2748 1875,2745 2046,2744 2217,2741 2388,2739 2559,2738 2730,2736 2901,2735 3071,2733 3242,2732 3413,2732 3584,2730 3755,2730 3926,2730 4097,2730"/>
        <TextEquiv>
          <Unicode>se préviennent réciproquement un certain laps de temps à l’avance </Unicode>
        </TextEquiv>
      </TextLine>

    
    </TextRegion>
    
  </Page>
</PcGts>
