4608 3072
1328 509 3852 616 condamne Durand à payer à la demoiselle Bailly la
1282 581 3860 734 somme de trente six francs cinquante centimes qu’il lui doit
1264 688 3857 878 pour prix de travaux par elle faits pour son compte et d’après
1297 808 3855 975 ses ordres, plus une indemnité de trois francs pour temps perdu.
1264 931 3832 1093 Le condamne en outre aux dépens taxés et liquidés envers la
1300 1057 3873 1216 demanderesse à la somme de deux francs seize centimes, et à celle
1308 1172 3883 1333 de soixante quinze centimes envers le Trésor Public pour le
1280 1290 3891 1469 papier timbré de la présente minute, conformément à la loi du
1315 1425 3904 1589 sept aout mil huit cent cinquante, ence, non compris le cout du
1315 1525 3904 1720 présent jugement, la signification d’icelui et ses suites. Et vu les
1282 1671 3916 1845 articles 435 du code de procédure civile, 27 et 42 du décret du onze
1280 1779 3929 1966 juin 1809 pour signifier au défendeur le présent jugement, commet
1328 1914 3944 2106 Fontaine, l’un de ses huissiers audienciers. Ainsi jugé les jours,
1305 2094 2265 2306 mois et ans que dessus.
