4608 3072
1536 38 3550 151 payer avec intérêts suivant la loi la somme de quatrevingts francs à
1541 133 3568 256 titre de dommages-intérêts et le condamner en outre aux dépens
1561 232 3578 343 Point de droit Doit on donner défaut contre Duroy non comparant
1546 335 3586 458 ni personne pour lui quoique dument appelé et pour le profit adjuger aux
1548 442 3571 535 demandeurs les conclusions par eux précèdemment prises ?. Que doit-il
1538 522 3573 637 être statué à l'égard des dépens? Après avoir entendu les époux Gathelier
1533 640 3578 732 en leurs demandes et conclusions et en avoir délibéré conformément à la
1520 732 3584 849 loi ; Attendu que la demande des poux Gathelier est juste et fondée ; que
1600 832 3591 942 d'ailleurs elle n'est pas contestée par Duroy non comparant ni personne
1528 926 3586 1031 pour lui régulièrement quoique dumant appelé; Par ces motifs
1520 1021 3591 1123 Le Bureu Général jugeant en prenmier ressort - Donne défaut contre
1512 1134 3599 1228 Duroy non comparant ni personne pour lui régulièrement quoique
1546 1228 3586 1338 dument appelé ; Et adjugeant le profit du dit defaut, Dit et
1541 1326 3591 1418 ordonne que dans le jour qu suivra la signification du présent jugement
1538 1418 3568 1515 Duroy sera tenue de faire rentrer sa fille maria dans les ateliers
1515 1509 3614 1671 des époux Gathelier pour continuer son apprentissage sinon
1525 1623 3589 1725 faute par lui de ce faire dans le dit jour et icelui passé, Le Condamne
1516 1693 3613 1857 dès à présent à payer avec intérêts suivant la loi aux époux Gathelier
1541 1820 3594 1920 la somme de quatre vingt francs à titre de dommages-intérêts. Le
1492 1909 3581 2030 Condamne en outre aux dépens taxés et liquidés envers les demandeurs à la
1518 2017 3591 2106 somme de deux francs dix centimes , et à celle de soixante quinze centimes envers
1530 2104 3591 2232 le trésor Public pour le papier timbré de la présente minute, conformément
1559 2224 3591 2316 à la loi du sept août mil huit cent cinquante , en ce, non compris le cout du
1528 2304 3586 2408 présent jugement, la signification d'icelui et des suites et vu les articles 43
1536 2408 3591 2511 du code de procèdure civile, 27 et 42 du décret du onze juin 1809 pour signifier au
1515 2501 3573 2634 défendeur le présent jugement, Commet Fontaine, l'un de ses huissiers audienciers
1520 2608 2613 2746 Ainsi juge les jour mois et an que dessus.
