3072 4608
664 357 2711 453 de la seine pour l'industrie des tissus en dates des Mercredi
656 414 2722 545 neuf et samedi douze Juin mil huit cent Cinquante huit les époux
641 503 2722 637 Mathieu firent citer Barrière à Comparaître par devant le dit
629 595 2745 725 Conseil de Prud'hommes séant en Bureaux Particuliers les Samedi
622 691 2745 817 douze et Lundi quatorze Juin mil huit cent Cinquante huit pour
641 779 2737 917 se concilier si faire se pouvait sur la demande qu'ils entendaient
641 879 2711 1013 former contre lui devant le dit Conseil en paiement de la somme de
629 979 2768 1105 dix francs qu'il leur doit pour prix de travaux faits par la dame
614 1071 2745 1198 Mathieu pour son compte et d'après ses ordres. Barrière
637 1171 2753 1290 n'ayant pas comparu la cause fut renvoyée devant le Bureau
614 1259 2741 1386 Général dudit Conseil séant le vendredi dix huit Juin mil huit
629 1344 2745 1486 Cent Cinquante huit. Cité pour le dit jour dix huit Juin par lettre
629 1451 2734 1578 du secrétaire du Conseil en date du Lundi quatorze Juin mil huit
610 1543 2734 1670 Cent Cinquante huit Barrière ne comparut pas. A l'appel de la
602 1639 2737 1777 cause les époux Mathieu se présentèrent et conclurent à ce qu'il plut
637 1743 2760 1862 au Bureau Général du dit Conseil donner défaut contre Barrière
614 1839 2745 1958 non comparant ni personne pour lui quoique dument appelé
629 1923 2764 2062 et pour le profit le condamner à leur payer avec intérêts suivant
641 2035 2634 2161 la loi la somme de dix francs qu'il leur doit pour prix de
614 2123 2741 2257 travaux faits par la dame Mathieu pour son compte et d'après
629 2234 2734 2342 ses ordres, plus une indemnité pour le préjudice de perte de
614 2319 2764 2453 temps qu'il leur a fait éprouver en ne comparaissant pas devant
618 2411 2757 2542 les Bureaux du Conseil et les dépens. Point de droit — Doit-on
622 2515 2734 2641 donner défaut contre Barrière non comparant ni personne
622 2618 2745 2726 pour lui quoique dument appelé et pour le profit adjuger aux
625 2703 2760 2833 demandeurs les conclusions par eux précèdemment prises ? que
622 2807 2741 2922 doit il être statué à l'égard des dépens ? Après avoir entendu les
618 2899 2772 3022 époux Mathieu en leurs demandes et conclusions et en avoir délibéré
595 2991 2726 3118 Conformément à la loi ; Attendu que la demande des époux Mathieu
595 3091 2737 3229 parait juste et fondée ; Que d'ailleurs elle n'est pas contestée par
618 3194 2753 3310 Barrière non comparant ni personne pour lui quoique dument
610 3287 2772 3417 appelé ; attendu qu'en ne comparaissant pas devant les Bureaux du
602 3383 2772 3509 Conseil Barrière a causé aux époux Mathieu un préjudice de perte
622 3475 2753 3609 de temps, ce qu'il doit réparer ; Par ces motifs — Le Bureau Général
610 3575 2768 3709 jugeant en dernier ressort ; Donne défaut contre Barrière non comparant
618 3686 2741 3790 ni personne pour lui quoique dument appelé ; et adjugeant le profit
618 3767 2753 3897 dudit défaut ; Condamne Barrière à payer avec intérêts suivant la
633 3866 2749 3989 loi aux époux Mathieu la somme de six francs qu'il leur dit pour
610 3959 2714 4089 travaux faits par la dame Mathieu pour son compte d'après
622 4062 2768 4189 ses ordres, plus une indemnité de quatre francs cinquante centimes
610 4154 2776 4320 pour temps perdu ; Le Condamne en outre aux dépens taxés et
