4608 3072
1635 944 3077 1080 Du dit jour Cinq Février
896 1098 4008 1249 Entre Monsieur Auguste Bénard, ouvrier, demeurant à
826 1264 4016 1402 Clichy la garenne près Paris, rue Landy, numéro quatre ;
814 1415 4034 1559 Demandeur ; Comparant d’une part ; Et Monsieur Brision,
816 1574 4014 1725 apprêteur sur étoffes, demeurant et domicilié à Batignolles près
821 1730 4032 1886 Paris, Cité des fleurs, numéro trente neuf à Batignolles et route
798 1896 4037 2037 d’asnières, numéro soixante trois, au village le Vallois ; Défendeur ;
801 2035 4032 2206 Défaillant ; D’autre part ; Point de fait - Pars lettres du secrétaire
821 2222 4044 2449 du Conseil de Prud’homme du Département de la Seine pour
