4608 3072
2048 486 2859 591 Du dit jour Onze Juin.
1328 542 3550 727 Entre Mademoiselle Amélie Laflesselle, fleuriste,
1310 675 3686 834 demeurant et domiciliée à Paris, passage du saumon, numéro
1315 755 3691 952 soixante douze, maison numéro vingt quatre ; Demanderesse ;
1297 857 3691 1072 Comparant ; D'une part ; Et, Prima ; Mademoiselle Elisa
1318 1016 3607 1182 Caron, demeurant à Sant Pierre sur Dives, (Calvados)
1308 1121 3660 1287 agissant aux noms et comme chargée de l'administration des
1313 1231 3640 1400 biens et de la personne de ses filles mineures Ernéstine et Zoé
1297 1320 3599 1520 Caron, apprenties ; Défenderesse ; Comparant ; D'une part ;
1310 1448 3655 1620 Et, secondo : Monsieur Lequine,  Entrepreneur de travaux
1277 1541 3622 1728 de Chemin de fer, demeurant et domicilié à saint Pierre
1297 1661 3609 1835 sur Dives, (Calvados) agissant aux noms et comme s'étant
1269 1753 3658 1953 porté fort pour les mineures Ernestine et Zoé Caron ; Défendeur ;
1262 1856 3637 2045 Défaillant ; D'autre part ; Point de fait — Par lettre du
1300 1984 3637 2155 secrétaire du Conseil de Prud'hommes du Département de la
1272 2073 3614 2257 Seine pour l'industrie des Tissus en date du vingt deux Mai
1274 2181 3614 2375 mil huit Cent Cinquante huit la demoiselle Laflesselle fit citer
1272 2298 3627 2478 la demoiselle Caron et le sieur Lequine à comparaître par devant
1287 2391 3637 2598 le dit Conseil de Prud'hommes séant en Bureau Particulier le Mercredi
