2108 3488
968 151 1639 296 Dudit jour dix Janvier
543 188 1971 392 Entre Monsieur Guillaume Wenmann, ouvrier
546 264 1982 462 cordonnier, demeurant à Paris, rue Dulong, numéro trente
540 328 1956 534 trois. Demandeur ; Comparant ; D'une part ; Et Monsieur
479 395 1872 610 Gillet, Maître cordonnier, demeurant, demeurant à Neuilly
529 488 1965 680 près Paris, avenue de Neuilly, numéro cent quatre vingt
526 549 1921 758 onze ; Défendeur ; Comparant ; D'autre part ; Point
546 630 1927 831 de fait = Par lettres du secrétaire du conseil de Prud'hommes
537 709 1945 912 du Département de la seine pour l'industrie des tissus en dates
546 781 1892 967 des Jeudi trois et vendredi quatre janvier mil huit cent
517 840 1910 1052 soixante dix huit Wenmann fit citer Gillet à comparaître
520 915 1898 1121 par devant le dit conseil de Prud'hommes séant en Bureaux
511 994 1916 1191 Particuliers les Vendredi quatre et Lundi sept Janvier mil
514 1069 1898 1267 huit cent soixante dix huit pour se concilier si faire se pouvait
520 1156 1901 1331 sur la demande qu'il entendait former contre lui devant le dit
508 1214 1907 1415 Conseil en paiement de la somme de Vingt huit francs qu'il lui doit
491 1281 1916 1488 pour prix de travaux qu'il a exécuté pour son compte et d'après
497 1369 1884 1546 ses ordres. Gilles n'ayant pas comparu la cause fut renvoyée
503 1441 1904 1627 devant le Bureau Général du conseil séant le Jeudi dix Janvier
494 1514 1913 1697 mil huit cent soixante dix huit. Cité pour le dit jour dix Janvier
465 1587 1895 1752 par lettre du secrétaire du conseil en date du huit Janvier mil huit
482 1659 1817 1822 cent soixante dix huit à la requête de Wenmann Gillet
491 1726 1898 1918 comparant. A l'appel de la cause Wenmann se présenta et conclut
488 1813 1930 1979 à ce qu'il plut au Bureau Général du conseil condamner Gillet
514 1880 1869 2057 à lui payer avec intérêts suivant la loi la somme de Vingt huit
476 1964 1857 2124 francs qu'il lui doit pour salaire et le condamner aux dépens.
479 2037 1889 2197 De son coté Gillet se présenta et conclut à ce qu'il plut au
459 2113 1907 2273 Bureau Général du conseil lui accorder termes et délais pour
479 2200 1887 2354 payer sans dépens la somme de Vingt huit francs qu'il reconnait
465 2267 1875 2421 devoir. Point de droit = Doit on condamner Gillet à payer
447 2348 1863 2505 à Wenmann la somme de vingt huit francs qu'il lui doit pour
462 2427 1843 2566 salaire ? Ou bien doit accorder au dit Gillet termes et délais
444 2502 1855 2639 pour payer cette somme ? Que doit-il être statué à l'égard des
473 2581 1846 2711 dépens ? Après avoir entendu les parties en leurs demandes et
462 2656 1843 2784 conclusions respectivement et en avoir délibéré conformément
459 2732 1837 2860 à la loi ; Attendu que Gillet doit et reconnait devoir la
447 2810 1840 2927 somme de vingt huit francs à Wenmann pour du travail
418 2880 1869 3011 de son etat ; Que le dit Wenmann déclare consentir à lui accorder
439 2970 1849 3078 quelques jours pour payer cette somme ; par ces motifs = Le
450 3037 1849 3145 Bureau Général jugeant en dernier ressort ; Condamne Gillet
441 3113 1866 3217 à payer avec intérêts suivant la loi à Wenmann la somme de
418 3185 1875 3331 vingt huit francs qu'il lui doit pour salaire ; suspend l'exécution
