1857 2936
44 369 396 499 deux mots rayés nuls
44 641 286 719 Lecucq
367 51 1744 166 solidairement aux dépens. De leur coté les époux Lequarré se
377 141 1744 229 présentèrent et conclurent à ce qu'il plut au Bureau Général du
379 207 1754 298 Conseil attendu que la demoiselle felicie herbin qui avait toute
382 278 1741 364 leur confiance leur laissa ignorer qu'il existait que la clef
411 340 1751 428 d'un placard ouvrait la serrure d'une malle dans laquelle
389 418 1751 496 étaient renfermées toutes les marchandises, de telle sorte que
391 491 1749 565 cette malle a pu être ouverte à leur insu quoiqu'ils en aient
389 555 1761 638 eu la clef, que des marchandises ont pu ainsi disparaître
394 623 1759 704 sans qu'ils pussent dire qui les a soustraites ; que la
374 685 1763 765 perte qu'ils ont éprouvée leur aurait été évités si la dite
406 756 1759 839 demoiselle qui connaissait l'existence de cette clef allant
399 829 1763 902 aux deux serrures les avait avisés comme elle le devait ;
391 888 1756 963 Par ces motifs = Dire la veuve herbin non recevable en
396 959 1763 1030 ses demandes, l'en débouter comme mal fondée en
396 1027 1771 1093 icelle et la condamner aux dépens. Point de droit = Doit
406 1083 1761 1157 on condamner les époux Lequarré à payer à la veuve herbin
406 1147 1768 1223 la somme de cent cinquante francs à titre de réparation du
401 1215 1785 1282 dommage qu'il lui ont fait éprouver en congédiant sa fille
406 1277 1785 1353 Félicie instantanément contrairement à l'usage ? Ou bien
411 1348 1793 1411 doit-on dire la veuve herbin non recevable en sa demande
406 1414 1778 1477 touchant l'indemnité qu'elle réclame les époux Lequarré
423 1477 1783 1551 offrant lui payer le salaire des vingt deux jours passés
384 1546 1785 1605 un travail du premier au vingt deux Janvier courant inclus
401 1602 1781 1675 Que doit-il être statuée à l'égard des dépens ? Après
421 1671 1773 1734 avoir entendu les parties en leurs demandes et conclusions
404 1727 1785 1800 respectivement et en avoir délibéré conformément à la loi ;
426 1790 1790 1866 Attendu qu'il est constant que la mineure Félicie herbelin
414 1859 1798 1930 mise en délai congé le vingt deux Janvier présent mais ce dès
426 1915 1785 1996 le lendemain de ce jour été congédié définitivement non
423 1986 1798 2067 pour avoir en connaissance d'une double clef allant à la malle
436 2062 1790 2133 aux marchandises, ce qu'elle dénie d'ailleurs, mais pour
416 2126 1790 2204 avoir qu'elle son travail pendant deux heurs, ce qui était son
428 2189 1785 2260 droit cependant, Que ce renvoi brusque et inusité que rien
423 2248 1795 2324 ne justifiait a causé à la veuve herbin un préjudice dont
421 2312 1793 2395 les époux Lequarré lui doivent réparation pour la
414 2375 1798 2449 somme de Cent cinquante francs ; Attendu que les époux
391 2434 1805 2515 Lequarré reconnaissant detenir quatre vingt soixante six
453 2498 1810 2578 francs pour salaire de vingt deux jours du premier au
453 2559 1812 2635 vingt deux Janvier courant inclus ; Par ces motifs = Le
426 2617 1822 2696 Bureau Général jugeant en dernier ressort ; Condamner
431 2679 1812 2764 les époux Lequarré à payer avec intérêts suivant la
421 2742 1815 2847 loi à la Veuve herbin la somme de cent cinquante francs
