2132 3360
1075 184 1546 285 Audience
1255 274 1347 361 du
526 322 2070 422 Jeudi dix sept Janvier mil huit cent soixante
537 400 910 481 dix huit.
1179 540 1913 630 Siégeaient : Messieurs
537 593 1961 702 Pinaud Chevalier de la Légion d'honneur, ni
523 688 2019 775 Président du Conseil de Prud'hommes du Département de
546 758 2039 845 la Seine pour l'industrie des tissus, Président l'audience
537 828 1989 910 en remplacement de Monsieur Marienval, Président
549 890 1879 988 du dit conseil, empêché, Sabatier, Siruque,
540 960 1994 1058 Berthemer et Mercier, Prud'hommes assistés de
537 1024 1835 1145 Monsieur Lecucq, secrétaire dudit conseil
1140 1176 2028 1271 Entre Monsieur Charles Alliou,
540 1246 2061 1344 contremaître tapissier, demeurant à Paris, rue du Bac numéro
543 1316 1997 1411 cent trente un ; Demandeur ; Comparant ; D'une part ; Et
537 1383 2059 1478 Monsieur Garnier, Maître tapissier, demeurant et domicilié
537 1456 1938 1540 à paris, rue neuve saint augustin, numéro trente un ;
526 1520 1958 1624 Défendeur ; Comparant ; D'autre part ; Point de fait =
518 1587 2064 1699 Par lettre du secrétaire du conseil de Prud'hommes du Département
532 1668 2011 1761 de la seine pour l'industrie des tissus en date du vendredi onze
526 1730 2047 1831 Janvier mil huit cent soixante dix huit Alliou fit citer Garnier
526 1806 2042 1906 à comparaître par devant ledit conseil de Prud'hommes séant en
515 1876 2047 1974 Bureau Particulier le Lundi quatorze Janvier mil huit cent soixante
537 1946 2014 2049 dix huit pour se consilier si faire se pouvait sur la demande qu'il
546 2013 2056 2116 entendait former contre lui devant le dit conseil en paiement de
549 2086 2017 2189 la somme de mille quatre vingt dix francs, Mille francs comme
546 2158 2087 2270 complément du salaire de l'année mil huit cent soixante dix
546 2240 2061 2346 sept et quatre vingt dix francs pour le salaire de neuf jours
554 2301 2073 2416 en Janvier mil huit cent soixante dix huit. A l'appel de la cause
515 2377 2061 2478 Alliou se présenta et exposa qu'il était depuis nombreuses années
535 2450 2039 2553 contre maître dans la maison Fortier ans appointements de
529 2517 2084 2629 trois mille six cents francs payables par douzièmes et de mille
529 2592 2067 2702 francs payables fin de chaque année ; Que Garnier n'était rendu
546 2662 2075 2777 acquéreur de la dite maison fortier en mil huit cent soixante seize
537 2724 2039 2842 sollicita et obtint de lui qu'il restataux mes conditions et
551 2794 2126 2920 avantages à partir du premier Janvier mil huit cent soixante
551 2864 2095 2990 dix sept ; Qu'il passa toute cette année à son service, reçus
529 2931 2070 3063 de lui les appointements par douzième, y resta neuf jours en
535 3001 2095 3130 Janvier mil huit cent soixante dix huit et en sortit reclamant
537 3071 2081 3228 les mille francs dûs pour compléter les appointements de
