2072 3108
523 142 2069 344 Général du conseil donner défaut contre Pelletier non comparant
559 238 2043 391 ni personne pour lui quoique dument appelé et pour le profit le
564 313 2053 468 condamner à lui payer avec intérêts suivant la loi la somme de
108 365 556 510 quatre mots rayés nuls
572 367 2043 525 vingt quatre francs cinquante centimes qu'il lui doit pour
580 440 2033 593 prix de travaux de sa fille Augustine, situs, telle indemnité
554 523 2020 657 qu'il plaira au conseil fixer pour perte de temps devant les
554 582 2043 738 Bureaux du conseil et les dépens. Point de droit = Doit-on
111 624 406 727 Lecucq
564 657 2040 792 donner défaut contre Pelletier non comparant ni personne
569 727 2043 867 pour lui quoique dument appelé et pour le profit adjuge
556 802 2033 924 au demandeur les conclusions par lui précèdemment prises ?
551 859 2022 991 Que doit-il être statué à l'égard des dépens ? Après avoir
546 934 2030 1051 entendu Goupi en ses demandes et conclusions et en avoir
559 997 2038 1113 délibéré comformément à la loi ; Attendu que la demande de
533 1061 2027 1186 Goupi est juste et fondée puisque Pelletier a reconnu la sold
559 1142 2012 1250 devant le conseil promettant la payer avec des délais qui
546 1199 2030 1323 lui ont été accordés ; Que d'ailleurs elle n'est pas contestée par
549 1271 2017 1377 le dit Pelletier non comparant ni personne pour lui quoique
538 1333 2025 1452 dument appelé ; Attendu que Pelletier a fait perdre du temps à
538 1408 2022 1507 Goupi devant les Bureaux du conseil , ce qui lui cause un préjud
546 1476 2020 1574 dont il lui doit réparation ; Par ces motifs = Le Bureau
528 1535 2020 1649 Général jugeant en dernier ressort ; vu l'article quarante un
502 1610 1991 1706 du décret du onze Juin mil huit cent neuf, portant règlement pour les
523 1667 2009 1776 Conseil de Prud'homems ; Donne défaut Pelletier non comparant
530 1743 2012 1828 ni personne pour lui quoique dument appelé ; Et adjugeant
536 1805 2009 1901 le profit dudit défaut ; Condamne Pelletier à payer avec
510 1872 2012 1965 intérêts suivant la loi à Goupi la somme de vingt quatre fra
499 1945 1996 2025 cinquante cinq centimes qu'il lui doit pour prix de travaux
505 2007 2007 2095 exécutés par sa fille Augustine, plus une indemnité de dou
510 2087 2009 2162 francs pour temps perdu. Le condamne en outre aux dépens
499 2141 2015 2224 taxés et liquidés envers le demandeur à la somme de un franc
499 2214 1996 2302 et à celle due au Trésor Public, pour le papier timbré de la
502 2284 1996 2377 présente minute, conformément à la loi du sept août mil hui
499 2364 2004 2437 Cent cinquante, ence, non compris le coût du présent jugement
512 2419 1996 2499 la signification d'icelui et ses suites. Et vu les articles 435
525 2491 1991 2564 du code de procedure civile, 27 et 42 du décret du onze Juin
510 2551 1996 2626 1809, pour signifier au défendeur le présent jugement, commet
507 2618 1999 2698 Minaud, l'un de ses huissiers audienciers. ainsi jugé les
499 2691 1186 2773 jour mois et an que dessus.
