1732 3038
311 43 1564 215 comptable, demeurant chez lui, aux termes d'un pouvoir sous
303 116 1587 278 long prise, en date, à Paris, du trois novembre mil huit cent
311 177 1569 344 soixante dix sept, enregistré à Paris, le cinq novembre
324 250 1592 410 mil huit cent soixante dix sept, au reçu de trois francs soixante
324 329 1587 473 quinze centimes, par le receveur qui a signé illisiblement ;
326 382 1559 536 D'une part ; Et Monsieur Boissot, ouvrier Bonnetier,
334 458 1501 594 demeurant à Paris, rue Boucry, numéro vingt un ;
316 516 1544 668 Défendeur ; Comparant ; D'autre part ; Point de fait
321 592 1552 716 Par lettre du secrétaire du conseil de Prud'hommes du
321 653 1592 774 Département de la Seine pour l'industrie des tissus en
346 716 1600 850 date du Mardi trente octobre mil huit cent soixante dix sept,
313 782 1597 916 Westermann fit citer Boissot à comparaître par devant le dit
324 858 1595 969 Conseil de Prud'hommes séant en Bureau Particulier le Vendredi
336 926 1580 1032 deux Novembre mil huit cent soixante dix sept pour se concilier
341 987 1592 1093 si faire se pouvait sur la demande qu'il entendait former contre
346 1065 1592 1146 lui devant le dit Conseil en purement de la somme de douze
339 1129 1597 1202 Cent francs à titre de dommages-intérêts résultant de déterio-
349 1187 1595 1273 ration de métiers à lui confiés pour le travail. A l'appel
346 1253 1549 1331 de la cause Remy, ès nom qu'il s'agit, se présenta et exposa
349 1326 1587 1394 comme ci dessus ; De son coté Boissot dit qu'il n'a
349 1384 1549 1463 jamais demandé de métiers à Westermann qui les
372 1448 1526 1534 lui adressa sans demander de sa part _ Les parties
349 1516 1542 1592 n'ayant pu s'entendre la cause fut renvoyée devant
367 1569 1592 1668 un membre du conseil commis à l'effet d'examiner
374 1635 1506 1734 la demande et, s'il y avait lieu, à procéder à
344 1691 1597 1797 l'examen des métiers ─ Devant ce membre du conseil
351 1754 1597 1865 les parties se concilièrent et Boissot, aux termes de cette
379 1810 1605 1939 Conciliation s'engagea à payer à Wistermann une
354 1873 1605 2010 somme de soixante douze francs pour réparations faites
359 1936 1605 2086 aux dits metiers et à retourner aussi à ses frais à
374 2005 1605 2141 leur lieu d'origine. Cet engagement ne fut pas tenu
377 2065 1605 2217 dans toutes les parties par Boissot qui retourna
387 2126 1623 2286 bien les métiers dans somme mais les adressa à
369 2184 1615 2362 Rosières d'où ils durent être transportés à Riess ; il
364 2250 1615 2422 ne paya aucune des sommes qu'il devait payer. La cause
359 2306 1615 2491 en cet état fut renvoyée devant le Bureau Général du conseil
364 2369 1615 2541 séant le jeudi trois Janvier mil huit cent soixante dix huit.
369 2422 1602 2615 Cité pour le dit jour trois Janvier Boissot Comparut. A
369 2483 1610 2691 l'appel de la cause Remy, ès nom qu'il agit se présenta
389 2544 1610 2756 et conclut à ce qu'il plut au Bureau Général du
384 2594 1610 2815 Conseil condamner Boissot à payer à Wistermann
384 2665 1618 2934 la somme de quatre vingt douze francs qu'il s'est engagé
