2125 3264
571 89 2013 250 suivant la loi la somme de vingt huit francs qu'ils lui doivent
565 165 2013 315 pour provision sur affaires, plus, telle indemnité qu'il plaira
579 236 2043 383 au conseil fixer pour perte de temps devant les Bureaux du
560 299 2008 443 Conseil et les dépens. Point de droit = Doit-on donner défaut
565 367 2029 522 contre les époux henriett non comparants ni personne pour
568 451 1969 601 eux régulièrement quoique dument appelés et pour le profit
565 511 2043 658 adjuger à la demanderesse les conclusions par elle précèdemment
557 576 2037 734 prises ? Que doit-il être statué à l'égard des dépens ? Après
568 650 1967 786 avoir entendu la demoiselle Renard en ses demandes et
565 715 1969 848 Conclusions et en avoir délibéré conformément à la loi ;
544 783 2051 927 Attendu que les demandes de la demoiselle Renard paraissent
571 862 2016 990 justes et fondées ; Que d'ailleurs elles ne sont pas contestées
560 930 1967 1049 époux henriett non comparants ni personne pour eux
549 995 2073 1128 régulièrement quoique dument appelés ; Attendu qu'en ne
557 1071 2005 1194 comparaissant pas devant les Bureaux du conseil les époux
541 1139 2056 1256 henriett ont causé à la demoiselle Renard en préjudice de
533 1207 2037 1321 perte de temps, ce qu'ils doivent réparer ; Par ces motifs =
541 1272 2040 1389 Le Bureau Général jugeant en dernier ressort ; vu l'article
541 1351 1991 1460 Quarante un du décret du onze Juin mil huit cent neuf,
574 1428 1975 1525 portant règlement pour les conseils de Prud'hommes ;
590 1490 2037 1604 Donne défaut contre les époux henriett non comparant
574 1574 2067 1667 ni personne pour eux régulièrement quoique dument appelés ;
565 1642 2051 1740 Et adjugeant le profit dudit défaut ; Condamner solidairement
582 1710 2067 1806 les époux henriett à payer avec intérêts suivant la loi à la
598 1784 2046 1879 demoiselle Renard la somme de Vingt huit francs qu'ils lui
579 1865 2062 1955 doivent pour provision plus une indemnité de quatre francs
571 1936 2070 2018 pour temps perdu ; Les condamne en outre solidairement
579 2012 2081 2088 aux dépens taxés et liquidés envers la demanderesse à la
538 2078 2086 2184 somme de un franc, et à celle due au Trésor Public, pour le
568 2165 2097 2244 papier timbré de la présente minute, conformément à la loi
601 2244 2086 2322 du sept août mil huit cent cinquante, ence, non compris
590 2314 2097 2401 le coût du présent jugement, la signification d'icelui et ses
595 2377 2078 2477 suites. Et vu les articles 435 du code de procèdure civile, 27
598 2458 2037 2556 et 42 du decret du onze Juin 1804, pour signifier aux
598 2521 2073 2632 défendeurs le présent jugement, commet Minaud, l'un de
590 2605 2048 2736 ses huissiers audienciers. Ainsi jugé les jour mois et an
587 2714 984 2782 que dessus.
