2187 3312
1049 193 1546 276 Audience
1242 276 1452 331 du
494 2831 2137 2922 Citée pour le dit jour trente un Janvier par lettre du secrétaire du
552 322 2040 414 Jeudi trente un Janvier mil huit cent soixante
538 400 897 483 dix huit
1306 521 1979 621 Siégeaient : Messieurs
530 598 2062 687 Pinaud, Chevalier de la Légion d'honneur, Vice-Président
535 681 2065 750 du Conseil de Prud'hommes du Département de la Seine
546 747 2026 828 pour l'industrie des Tissus, président l'Audience en
546 822 2032 891 remplacement de Monsieur Marienval, chevalier
538 883 2040 966 de la Légion d'honneur, Président du dit conseil empêché,
560 954 1850 1035 Corroy, Leroy, Montagnac,
535 1026 1891 1101 Bondez, Boucher et Briec,
552 1092 2004 1186 Prud'hommes assistés de Monsieur Lecucq
538 1161 1455 1242 Secrétaire du dit conseil
632 1258 2059 1374 Entre Monsieur Alphonse Dalley, Maître cordonnier,
538 1368 2015 1443 demeurant à Paris, rue de la Monnaie, numéro trois ;
519 1435 2029 1520 Demandeur ; Comparant ; D'une part ; Et Mademoiselle
513 1509 2059 1584 Joséphine Moully, fille majeure, ouvrière demeurant à
510 1573 2057 1656 Paris, rue du Pont de Lodi, numéro sept ; Défenderesse ;
521 1647 2054 1727 Défaillant ; D'autre part ; Point de fait = Par lettres du
535 1716 2079 1782 du secrétaire du conseil de Prud'hommes du Département de la
543 1788 2087 1860 Seine pour l'industrie des tissus en date du Vendredi onze
530 1854 2090 1926 Janvier mil huit cent soixante dix huit pour se concilier si faire
532 1920 2048 2003 se pouvait sur la demande qu'il entendait former contre elle
555 1992 2054 2072 devant le dit conseil en paiement de la somme de douze francs
519 2064 2051 2133 pour pareille somme qu'il lui a avancée sur du travail qu'elle
535 2139 2010 2216 devait faire et qu'elle n'a pas fait. A l'appel de la cause
477 2208 2051 2285 Dalley se présenta et exposa comme cidessus. De son coté
527 2279 2040 2357 la demoiselle Moully se présenta et reconnut devoir la
521 2354 2051 2434 somme reclamée demandant délais pour la payer. Sur
541 2420 2007 2497 la proposition du Bureau Particulier la défenderesse prit
541 2503 2046 2569 l'engagement de payer trois francs par semaine à partir du
527 2564 2029 2641 Vingt Janvier même mois. Cet engagement ne fut pas
535 2630 2048 2710 tenu car la demoiselle Moully ne paya pas. La cause en
535 2707 2048 2776 ce état fut renvoyée devant le Bureau Général du conseil séant
541 2768 2001 2842 le Jeudi trente un Janvier mil huit cent soixante dix huit . .
527 2903 2098 2989 conseil en date du trente un Jan vingt huit janvier mil huit cent
532 2972 2015 3049 soixante dix huit à la requête de Dalley la demoiselle
452 3036 2037 3154 Moully ne comparut pas. A l'appel de la cause Dalley
