2144 3312
513 151 1983 256 Que d'ailleurs elle n'est pas contestée par Dutenoffer non comparant
536 234 1936 322 ni personne pour lui régulièrement quoique dument appelé ;
66 226 447 333 cinq mots rayés
530 298 1975 386 Attendu qu'en ne comparaissant pas devant les Bureaux du
80 320 414 400 Comme nuls
530 361 1997 458 Conseil Dutenoffer a causé aux époux Dandeler la somme
544 441 1975 538 un préjudice de perte de temps, ce qu'il doit réparer ; Par
544 521 1967 607 ces motifs = Le Bureau Général jugeant en dernier ressort ;
536 587 1975 676 Vu l'article quarante un du décret du onze Juin mil huit cent
107 582 508 667 Lecucq
549 654 1989 739 neuf, portant règlement pour les conseils de Prud'hommes ;
527 712 2016 822 Donne défaut contre Dutenoffer non comparant ni personne
549 794 2016 888 pour lui régulièrement quoique dument appelé ; Et adjugeant
547 861 1945 943 le profit dudit défaut ; Condamne Dutenoffer à
563 935 1994 1015 payer avec intérêts suivant la loi aux époux Dandeler la
555 1007 1994 1084 somme de vingt francs cinq centimes qu'il leur
544 1070 2033 1150 doit pour prix de travaux de la dame Dandeler, plus une
538 1145 1914 1233 indemnité de quatre francs pour temps perdu ; Le
544 1219 2000 1291 condamne en outre aux dépens taxés et liquidés envers les
549 1286 2005 1360 demandeurs à la somme de un franc et à celle due au
538 1355 1947 1435 Trésor Public, pour le papier timbré de la présente
505 1429 1986 1506 minute, conformément à la loi du sept août mil huit cent
522 1506 1994 1573 cinquante, ence non compris le coût du présent jugement,
522 1562 1964 1636 la signification d'icelui et ses suites. Et vu les articles
519 1636 2014 1716 437 du code de procédure civile 27 et 42 du décret du onze
524 1708 2016 1788 Juin 1804 pour signifier au défendeur le présent jugement
530 1774 1983 1854 Commet Minaud, l'un de ses huissiers audienciers. Ainsi
555 1851 1486 1965 jugé les jour mois et an que dessus.
582 1984 1176 2067 Lecucq secrétaire
770 2415 1801 2511 — Dudit jour Vingt quatre Janvier —
555 2481 2074 2564 Entre Monsieur et Madame Doutremont, le sieur
508 2561 2055 2646 Doutremont tant en son nom personnel que pour assister et
527 2635 2005 2702 autoriser la dame son épouse ouvrière Plumassière
530 2699 2050 2782 demeurant ensemble, les dits époux, à Paris, rue Buzelin,
538 2768 1986 2853 numéro neuf ; Demandeurs ; Comparant ; D'une part ;
558 2837 2055 2917 Et Monsieur Roeck, fabricant plumassier, demeurant
541 2909 2047 2967 et domicilié à Paris, rue de Meaux numéro cent onze ;
513 2964 2016 3055 Défendeur ; Défaillant ; D'autre part ; Point de fait =
513 3038 2072 3138 Par lettres du secrétaire du conseil de Prud'hommes du Département
