<?xml version="1.0" encoding="UTF-8"  standalone="yes"?>
<PcGts xmlns="http://schema.primaresearch.org/PAGE/gts/pagecontent/2019-07-15" xmlns:xsi="http://www.w3.org/2001/XMLSchema-instance" xsi:schemaLocation="http://schema.primaresearch.org/PAGE/gts/pagecontent/2019-07-15 http://schema.primaresearch.org/PAGE/gts/pagecontent/2019-07-15/pagecontent.xsd">
  <Metadata>
	<Creator>escriptorium</Creator>
	<Created>2024-01-19T12:48:48.001301+00:00</Created>
        <LastChange>2024-01-19T12:48:48.001318+00:00</LastChange>

  </Metadata>
  <Page imageFilename="IMG_20190620_123932.jpg" imageWidth="2369" imageHeight="3296">

    
    <TextRegion id="eSc_textblock_dd4e3c1c"  >
      <Coords points="1110,65 2171,76 2259,109 2281,216 1841,252 1866,340 2094,373 2105,447 2061,469 824,458 648,425 747,403 780,274 681,249 670,197 758,98 1110,65"/>
      
    </TextRegion>
    
    <TextRegion id="eSc_textblock_f06a5da6"  >
      <Coords points="1132,736 1863,747 2083,769 2281,845 2292,1821 2336,1933 2281,2161 2336,2590 2281,2625 2281,3106 2237,3172 593,3216 659,3109 582,3106 560,3054 681,2974 681,2779 626,2765 626,2680 692,2612 670,1845 725,1447 692,1131 736,845 912,758 1132,736"/>
      
    </TextRegion>
    

    
    <TextRegion id="eSc_dummyblock_">
    
    
      <TextLine id="r1l1" >
        <Coords points="775,134 780,82 799,85 813,71 854,87 1082,98 1121,76 1154,82 1228,52 1286,57 1316,74 1365,54 1467,65 1519,109 1585,65 1615,68 1648,101 1695,85 1731,98 1794,85 1824,112 1885,82 1992,85 2028,123 2052,131 2105,93 2132,93 2190,151 2270,153 2275,206 2220,211 2190,186 2168,197 2116,175 2088,184 2066,167 2006,170 1986,159 1929,159 1904,184 1877,189 1849,184 1819,151 1648,142 1602,156 1517,140 1470,173 1451,173 1390,148 1327,142 1275,159 1247,145 1198,153 1187,142 1093,156 1074,142 1022,153 777,140"/>
        <Baseline points="776,135 851,140 926,143 1001,144 1076,144 1151,142 1226,140 1301,138 1376,135 1451,133 1527,131 1602,130 1677,130 1752,131 1827,134 1902,140 1977,147 2052,158 2127,171 2202,188 2278,208"/>
        <TextEquiv>
          <Unicode>Jugement, Commet Minaud, l&#x27;un de ses huissiers audienciers.</Unicode>
        </TextEquiv>
      </TextLine>

    
    
      <TextLine id="r1l2" >
        <Coords points="769,219 772,178 791,167 873,167 901,192 937,192 956,173 1025,192 1071,189 1102,164 1132,164 1157,186 1176,173 1195,189 1253,189 1286,184 1302,164 1349,178 1376,162 1407,184 1467,184 1484,173 1506,186 1566,164 1607,184 1673,159 1717,159 1756,184 1805,184 1813,208 1802,222 1750,227 1670,211 1561,211 1470,271 1387,214 1286,227 1214,219 1181,233 1162,219 1096,274 1074,271 1036,236 950,285 775,285"/>
        <Baseline points="771,222 823,222 875,221 927,220 979,219 1032,218 1084,217 1136,216 1188,215 1240,214 1293,212 1345,211 1397,210 1449,210 1501,209 1554,208 1606,208 1658,208 1710,208 1762,209 1815,209"/>
        <TextEquiv>
          <Unicode>Ainsi jugé les jour mois et an que dessus.</Unicode>
        </TextEquiv>
      </TextLine>

    
    
      <TextLine id="r1l3" >
        <Coords points="783,359 786,340 840,332 939,340 981,326 992,337 1041,337 1082,310 1124,321 1137,307 1277,307 1286,351 1280,381 1236,384 1181,362 1096,376 1044,365 1025,387 917,390 895,370 871,379 854,368 788,379"/>
        <Baseline points="785,362 810,363 835,364 860,365 885,365 910,366 935,366 960,366 985,366 1010,365 1036,365 1061,364 1086,363 1111,362 1136,361 1161,360 1186,359 1211,357 1236,356 1261,354 1287,353"/>
        <TextEquiv>
          <Unicode>Lecucq secrétaire</Unicode>
        </TextEquiv>
      </TextLine>

    
    
      <TextLine id="r1l6" >
        <Coords points="1099,818 1102,769 1121,755 1203,755 1253,788 1305,774 1324,788 1379,788 1420,755 1475,785 1525,760 1550,769 1569,755 1618,782 1668,752 1717,752 1734,769 1791,771 1811,785 1871,774 1890,785 1995,777 2017,782 2025,813 2014,826 1912,815 1899,829 1855,815 1772,834 1745,834 1720,813 1673,810 1607,832 1574,810 1528,829 1514,818 1453,826 1401,815 1368,837 1264,837 1214,818 1159,832 1137,821 1124,832 1102,818"/>
        <Baseline points="1100,821 1146,820 1192,819 1239,818 1285,817 1331,816 1378,815 1424,814 1470,813 1517,813 1563,812 1609,812 1656,811 1702,811 1748,811 1795,811 1841,811 1887,812 1934,812 1980,813 2027,814"/>
        <TextEquiv>
          <Unicode>— Dudit jour trente un Janvier</Unicode>
        </TextEquiv>
      </TextLine>

    
    
      <TextLine id="r1l7" >
        <Coords points="750,884 753,845 802,826 937,848 970,818 997,821 1030,851 1080,829 1102,851 1179,854 1211,824 1236,824 1280,854 1467,848 1503,859 1561,851 1582,862 1640,826 1720,826 1753,845 1791,829 1827,829 1844,845 1882,832 2000,832 2072,840 2091,859 2135,837 2162,856 2253,851 2270,914 2261,928 2228,917 2146,928 2110,898 2017,909 1992,895 1965,903 1844,892 1822,906 1808,892 1753,892 1742,903 1712,889 1613,889 1563,903 1522,889 1478,900 1409,889 1374,898 1363,887 1247,887 1214,900 1135,889 1118,906 909,903 893,892 753,900"/>
        <Baseline points="752,887 828,889 904,891 980,891 1056,891 1132,890 1208,889 1284,888 1360,886 1436,885 1512,883 1588,883 1664,882 1740,882 1816,883 1892,885 1968,889 2044,893 2120,899 2196,906 2272,916"/>
        <TextEquiv>
          <Unicode>Entre Monsieur Louis Eugène Jasseret, Maître tapissier,</Unicode>
        </TextEquiv>
      </TextLine>

    
    
      <TextLine id="r1l8" >
        <Coords points="758,961 761,925 786,928 807,911 824,928 950,928 994,909 1016,931 1080,911 1099,931 1135,920 1151,933 1233,933 1266,903 1335,903 1398,906 1409,917 1426,906 1492,906 1511,925 1539,914 1563,939 1596,939 1624,920 1648,933 1673,909 1720,911 1761,942 1819,922 1863,933 1885,911 1970,914 1989,933 2039,942 2052,931 2083,947 2129,947 2160,928 2187,947 2259,947 2267,983 2162,988 2149,975 1984,969 1901,986 1868,966 1706,964 1591,964 1525,980 1500,961 1324,961 1264,975 1148,964 761,966"/>
        <Baseline points="760,964 835,964 910,964 986,964 1061,963 1137,961 1212,960 1287,959 1363,958 1438,957 1514,956 1589,955 1664,955 1740,956 1815,957 1891,959 1966,962 2041,966 2117,971 2192,977 2268,985"/>
        <TextEquiv>
          <Unicode>demeurant et domicilié à Paris, rue Breda, numéro quinze ;</Unicode>
        </TextEquiv>
      </TextLine>

    
    
      <TextLine id="r1l9" >
        <Coords points="739,1032 742,994 775,969 813,988 838,966 865,977 895,966 942,997 1107,997 1126,980 1176,972 1211,999 1280,999 1308,986 1324,1002 1371,980 1407,1002 1434,1002 1462,975 1497,975 1574,1002 1607,994 1640,1005 1687,983 1714,1008 1797,980 1866,980 1896,1010 1934,983 1986,999 2011,983 2069,983 2105,1008 2127,986 2160,986 2184,1008 2259,1013 2267,1054 2259,1065 2209,1054 2193,1071 2127,1071 2099,1049 2055,1040 1945,1049 1860,1038 1816,1065 1712,1065 1665,1035 1475,1032 1445,1046 1415,1038 1379,1060 1343,1035 1277,1040 1258,1057 1222,1038 1162,1040 1151,1051 1110,1035 939,1046 887,1038 840,1051 742,1040"/>
        <Baseline points="742,1034 818,1035 894,1034 970,1034 1047,1033 1123,1032 1199,1031 1276,1029 1352,1028 1428,1027 1505,1027 1581,1026 1657,1027 1733,1027 1810,1029 1886,1031 1962,1034 2039,1038 2115,1043 2191,1049 2268,1056"/>
        <TextEquiv>
          <Unicode>Défendeur au Principal, Demandeur opposant ; comparant</Unicode>
        </TextEquiv>
      </TextLine>

    
    
      <TextLine id="r1l10" >
        <Coords points="750,1109 753,1073 802,1046 843,1076 887,1046 915,1073 939,1060 956,1076 994,1079 1082,1079 1121,1051 1154,1076 1184,1051 1203,1060 1233,1049 1269,1073 1305,1051 1374,1051 1387,1065 1407,1054 1437,1082 1453,1082 1495,1051 1530,1079 1585,1079 1615,1057 1681,1054 1758,1087 1855,1087 1877,1073 1954,1087 2028,1060 2102,1060 2146,1090 2248,1090 2259,1079 2267,1126 2259,1137 2110,1137 2083,1120 1882,1115 1841,1126 1827,1117 1808,1131 1775,1115 1635,1112 1615,1131 1588,1131 1519,1112 1484,1123 1470,1109 1451,1120 1434,1109 1415,1120 1374,1109 1308,1128 1247,1128 1209,1112 1148,1120 1135,1109 1115,1126 1085,1126 1069,1109 1019,1126 948,1112 753,1120"/>
        <Baseline points="753,1112 828,1112 904,1111 980,1111 1056,1110 1132,1109 1208,1109 1283,1108 1359,1107 1435,1107 1511,1107 1587,1107 1663,1107 1739,1108 1814,1109 1890,1110 1966,1112 2042,1115 2118,1118 2194,1122 2270,1127"/>
        <TextEquiv>
          <Unicode>par la dame Jasseret, son épouse, demeurant avec lui, aux</Unicode>
        </TextEquiv>
      </TextLine>

    
    
      <TextLine id="r1l11" >
        <Coords points="744,1186 750,1142 794,1131 821,1148 890,1148 926,1123 959,1123 975,1139 1016,1123 1082,1123 1121,1150 1305,1150 1321,1134 1338,1150 1365,1150 1390,1128 1412,1139 1429,1126 1489,1126 1508,1148 1530,1134 1574,1153 1624,1128 1665,1153 1764,1153 1800,1128 1841,1139 1871,1128 1912,1156 1937,1156 1965,1131 2000,1137 2017,1153 2047,1131 2096,1131 2127,1156 2165,1139 2193,1156 2223,1145 2264,1156 2270,1197 2261,1214 2179,1197 2091,1214 2063,1194 1992,1205 1975,1189 1915,1200 1901,1186 1830,1189 1813,1203 1789,1183 1706,1194 1629,1183 1596,1200 1539,1186 1489,1208 1376,1208 1346,1183 1319,1183 1297,1200 1269,1186 1253,1200 1242,1189 1217,1200 1206,1189 1074,1181 1041,1205 986,1205 959,1183 873,1203 807,1189 747,1200"/>
        <Baseline points="747,1187 823,1186 899,1185 975,1184 1052,1183 1128,1182 1204,1182 1280,1181 1357,1181 1433,1180 1509,1180 1585,1180 1662,1181 1738,1182 1814,1183 1890,1185 1967,1187 2043,1189 2119,1192 2195,1196 2272,1200"/>
        <TextEquiv>
          <Unicode>termes d&#x27;un pouvoir sous seing signé, en date, à Paris du trente</Unicode>
        </TextEquiv>
      </TextLine>

    
    
      <TextLine id="r1l12" >
        <Coords points="747,1255 750,1222 816,1225 843,1208 873,1225 937,1225 967,1200 1005,1225 1041,1208 1082,1227 1113,1203 1220,1203 1236,1219 1275,1208 1316,1227 1379,1214 1396,1230 1475,1230 1533,1205 1582,1230 1659,1205 1835,1208 1868,1230 1934,1219 1973,1236 1992,1236 2017,1214 2050,1230 2127,1211 2160,1236 2193,1236 2217,1219 2253,1236 2261,1268 2212,1282 2157,1266 2066,1277 2055,1266 1967,1274 1945,1260 1907,1279 1852,1260 1813,1285 1750,1285 1712,1260 1566,1268 1519,1255 1467,1268 1371,1260 1346,1279 1286,1279 1239,1257 1137,1271 1113,1260 1000,1268 909,1257 865,1263 851,1277 750,1274"/>
        <Baseline points="749,1257 824,1257 900,1256 976,1256 1052,1255 1127,1255 1203,1254 1279,1254 1355,1254 1430,1253 1506,1253 1582,1254 1658,1254 1733,1255 1809,1256 1885,1257 1961,1258 2036,1260 2112,1263 2188,1266 2264,1269"/>
        <TextEquiv>
          <Unicode>un Janvier mil huit cent soixante dix huit, enregistré à Paris,</Unicode>
        </TextEquiv>
      </TextLine>

    
    
      <TextLine id="r1l13" >
        <Coords points="780,1329 783,1296 799,1296 824,1271 851,1290 887,1271 923,1296 937,1285 961,1296 1052,1296 1088,1279 1121,1296 1198,1296 1228,1271 1264,1296 1299,1299 1343,1299 1382,1274 1503,1274 1530,1299 1563,1299 1577,1285 1651,1299 1690,1274 1736,1274 1767,1301 1802,1301 1860,1277 1901,1296 1923,1277 1970,1277 1981,1288 1995,1277 2044,1288 2066,1277 2138,1277 2173,1301 2259,1301 2267,1337 2088,1345 2072,1334 1816,1343 1673,1332 1657,1343 1646,1332 1459,1332 1448,1343 1415,1332 1349,1343 1266,1340 1258,1329 1206,1340 1058,1340 1047,1329 1027,1340 783,1337"/>
        <Baseline points="783,1330 857,1331 931,1331 1005,1331 1080,1331 1154,1330 1228,1330 1302,1329 1377,1328 1451,1327 1525,1326 1599,1326 1674,1326 1748,1325 1822,1326 1896,1327 1971,1328 2045,1330 2119,1332 2193,1335 2268,1339"/>
        <TextEquiv>
          <Unicode>le trente un Janvier mil huit cent soixante dix huit, au reçu</Unicode>
        </TextEquiv>
      </TextLine>

    
    
      <TextLine id="r1l14" >
        <Coords points="758,1398 761,1367 791,1348 818,1365 857,1343 890,1354 923,1343 953,1370 975,1356 992,1370 1115,1370 1173,1343 1222,1370 1253,1370 1266,1356 1335,1356 1363,1373 1525,1373 1563,1359 1577,1370 1640,1373 1681,1345 1706,1345 1723,1362 1767,1345 1816,1362 1852,1348 2085,1348 2102,1365 2162,1376 2212,1376 2226,1362 2261,1376 2270,1406 2261,1417 2237,1406 2215,1417 2146,1406 2116,1420 2077,1406 2022,1420 2000,1409 1907,1417 1890,1406 1769,1420 1712,1403 1621,1414 1555,1406 1536,1417 1497,1417 1486,1406 1407,1406 1387,1417 1335,1403 1217,1403 1198,1414 1118,1403 1099,1414 1088,1403 970,1414 761,1406"/>
        <Baseline points="759,1399 834,1400 910,1400 985,1401 1061,1401 1137,1401 1212,1401 1288,1401 1364,1401 1439,1400 1515,1400 1591,1400 1666,1400 1742,1400 1818,1400 1893,1400 1969,1401 2045,1402 2120,1403 2196,1405 2272,1407"/>
        <TextEquiv>
          <Unicode>de trois francs soixante quinze centimes par le Receveur qui</Unicode>
        </TextEquiv>
      </TextLine>

    
    
      <TextLine id="r1l15" >
        <Coords points="755,1472 761,1442 849,1442 871,1422 893,1442 939,1442 981,1411 1069,1411 1099,1442 1159,1414 1206,1442 1275,1425 1310,1433 1330,1414 1354,1422 1387,1411 1398,1422 1409,1411 1478,1411 1528,1444 1596,1442 1629,1425 1665,1439 1706,1428 1728,1444 1816,1444 1857,1414 1959,1414 1989,1442 2033,1428 2050,1444 2085,1444 2127,1414 2190,1414 2206,1431 2239,1414 2264,1439 2272,1431 2278,1477 2231,1494 2138,1480 2069,1491 2030,1480 1992,1496 1896,1496 1857,1480 1816,1496 1794,1480 1728,1477 1662,1488 1629,1480 1582,1496 1495,1494 1467,1477 1291,1477 1280,1488 1266,1477 1239,1488 1222,1477 1189,1488 1003,1480 989,1494 970,1477 920,1491 879,1474 758,1483"/>
        <Baseline points="757,1473 833,1473 909,1473 985,1473 1061,1473 1137,1473 1213,1473 1290,1473 1366,1473 1442,1474 1518,1474 1594,1474 1670,1474 1746,1475 1823,1475 1899,1476 1975,1477 2051,1477 2127,1478 2203,1479 2280,1480"/>
        <TextEquiv>
          <Unicode>a signé illisiblement ; D&#x27;une part ; Et Monsieur Pascaux,</Unicode>
        </TextEquiv>
      </TextLine>

    
    
      <TextLine id="r1l16" >
        <Coords points="750,1549 755,1524 794,1502 813,1518 835,1496 898,1496 926,1524 1000,1510 1016,1496 1044,1507 1110,1496 1140,1513 1162,1499 1195,1524 1214,1510 1239,1524 1319,1524 1352,1496 1379,1507 1393,1496 1495,1496 1522,1524 1580,1524 1599,1505 1632,1524 1703,1524 1734,1510 1750,1524 1824,1524 1874,1496 1918,1524 1954,1524 1973,1510 1995,1524 2055,1524 2091,1507 2157,1524 2187,1505 2215,1513 2231,1496 2264,1496 2270,1549 2264,1573 2168,1573 2157,1562 2121,1573 2105,1557 2077,1568 2063,1554 2014,1568 1855,1554 1786,1560 1775,1571 1714,1554 1676,1573 1550,1573 1495,1554 1374,1565 1343,1554 1277,1568 1179,1557 1162,1573 1121,1551 978,1554 948,1568 926,1557 860,1565 840,1554 755,1562"/>
        <Baseline points="753,1550 828,1549 904,1549 980,1549 1056,1549 1132,1549 1208,1549 1284,1549 1360,1549 1436,1549 1512,1549 1587,1549 1663,1550 1739,1550 1815,1550 1891,1550 1967,1550 2043,1550 2119,1550 2195,1550 2271,1550"/>
        <TextEquiv>
          <Unicode>demeurant à Paris, rue Oberkampf, numéro soixante douze,</Unicode>
        </TextEquiv>
      </TextLine>

    
    
      <TextLine id="r1l17" >
        <Coords points="744,1620 747,1584 805,1595 835,1571 860,1587 926,1590 948,1573 972,1595 1025,1595 1036,1584 1060,1593 1077,1576 1132,1595 1277,1595 1308,1579 1354,1595 1382,1571 1511,1571 1536,1595 1687,1595 1723,1571 1879,1571 1893,1582 1912,1571 1967,1587 2036,1571 2058,1590 2074,1576 2116,1595 2146,1579 2168,1595 2261,1582 2270,1620 2259,1631 2245,1623 2143,1648 2105,1648 2069,1626 2028,1645 2000,1626 1973,1639 1956,1628 1921,1639 1863,1626 1800,1634 1786,1648 1654,1648 1607,1628 1563,1642 1525,1626 1500,1637 1462,1626 1442,1637 1349,1637 1264,1623 1231,1634 948,1626 928,1642 912,1626 799,1626 775,1648 747,1648"/>
        <Baseline points="747,1621 823,1621 899,1621 975,1622 1051,1622 1128,1623 1204,1623 1280,1623 1356,1624 1432,1624 1509,1625 1585,1625 1661,1625 1737,1625 1813,1625 1890,1625 1966,1625 2042,1624 2118,1623 2194,1622 2271,1621"/>
        <TextEquiv>
          <Unicode>agissant au nom et comme administrateur de la personne et</Unicode>
        </TextEquiv>
      </TextLine>

    
    
      <TextLine id="r1l19" >
        <Coords points="739,1694 742,1672 780,1648 846,1661 917,1648 942,1672 1019,1672 1047,1648 1082,1661 1115,1648 1140,1669 1239,1645 1288,1645 1335,1667 1357,1653 1398,1667 1420,1650 1470,1645 1522,1669 1566,1645 1591,1645 1615,1669 1742,1669 1896,1656 1910,1667 2008,1667 2033,1642 2069,1642 2083,1656 2102,1648 2129,1664 2154,1642 2182,1642 2206,1667 2226,1656 2261,1664 2270,1686 2259,1705 2074,1705 2061,1691 2036,1705 1956,1694 1901,1705 1758,1697 1734,1708 1602,1697 1506,1708 1459,1694 1316,1705 1269,1694 1242,1711 1104,1711 1071,1697 1027,1711 970,1697 915,1711 849,1697 807,1708 742,1697"/>
        <Baseline points="742,1696 818,1695 894,1695 971,1695 1047,1695 1124,1694 1200,1694 1277,1695 1353,1695 1430,1695 1506,1695 1582,1695 1659,1695 1735,1694 1812,1694 1888,1693 1965,1693 2041,1692 2118,1690 2194,1689 2271,1687"/>
        <TextEquiv>
          <Unicode>des biens de son fils mineur fernand ouvrier tapissier,</Unicode>
        </TextEquiv>
      </TextLine>

    
    
      <TextLine id="r1l20" >
        <Coords points="711,1768 714,1713 799,1713 860,1744 934,1744 956,1733 972,1744 1041,1733 1088,1744 1132,1711 1176,1735 1203,1724 1231,1738 1261,1711 1277,1711 1313,1738 1363,1719 1387,1741 1407,1741 1442,1711 1489,1708 1544,1733 1574,1708 1643,1708 1676,1735 1747,1738 1783,1716 1805,1733 1833,1722 1877,1738 1888,1727 1910,1735 1929,1722 1943,1733 1973,1719 1989,1730 2017,1722 2030,1735 2096,1735 2132,1705 2168,1735 2201,1719 2228,1735 2259,1730 2267,1757 2237,1774 2184,1771 2165,1790 2088,1790 2058,1768 2022,1766 1978,1779 1874,1774 1824,1793 1706,1793 1684,1771 1593,1771 1572,1785 1530,1771 1489,1777 1470,1796 1396,1768 1357,1788 1297,1771 1258,1788 1236,1771 1211,1785 1198,1771 1151,1768 1137,1782 1107,1777 1085,1799 1038,1799 986,1771 953,1785 928,1774 884,1785 849,1774 717,1774"/>
        <Baseline points="712,1769 789,1768 867,1767 945,1767 1023,1767 1101,1767 1179,1767 1257,1767 1335,1768 1413,1768 1491,1769 1568,1769 1646,1769 1724,1769 1802,1769 1880,1769 1958,1768 2036,1766 2114,1765 2192,1762 2270,1760"/>
        <TextEquiv>
          <Unicode>Demandeur au principal ; Demandeur opposant ; Comparant ;</Unicode>
        </TextEquiv>
      </TextLine>

    
    
      <TextLine id="r1l21" >
        <Coords points="722,1837 725,1785 818,1788 843,1812 882,1785 909,1801 983,1785 1060,1818 1214,1821 1258,1785 1275,1801 1324,1804 1360,1782 1437,1782 1456,1801 1503,1782 1558,1818 1596,1818 1613,1801 1643,1818 1764,1818 1838,1815 1857,1796 1890,1790 1926,1810 1989,1812 2044,1779 2080,1785 2110,1815 2132,1815 2179,1779 2261,1779 2270,1829 2261,1840 2157,1843 2140,1854 2030,1854 2017,1843 1995,1854 1951,1854 1940,1843 1899,1854 1720,1854 1701,1843 1681,1856 1651,1845 1544,1856 1442,1843 1357,1856 1343,1843 1250,1843 1000,1859 978,1845 755,1845 744,1856 725,1845"/>
        <Baseline points="724,1838 801,1838 878,1838 956,1838 1033,1839 1111,1840 1188,1841 1265,1842 1343,1843 1420,1843 1498,1844 1575,1845 1652,1845 1730,1845 1807,1844 1885,1844 1962,1842 2039,1840 2117,1838 2194,1834 2272,1830"/>
        <TextEquiv>
          <Unicode>D&#x27;autre part ; point de fait = Par jugement rendu par défaut</Unicode>
        </TextEquiv>
      </TextLine>

    
    
      <TextLine id="r1l22" >
        <Coords points="722,1919 725,1892 753,1867 791,1892 882,1900 942,1864 967,1886 1000,1878 1022,1892 1063,1873 1082,1884 1107,1862 1143,1884 1168,1862 1297,1859 1330,1892 1360,1886 1387,1859 1426,1892 1489,1892 1528,1881 1541,1889 1552,1878 1673,1889 1714,1854 1736,1867 1761,1854 1811,1886 1838,1886 1871,1862 2066,1884 2110,1878 2146,1848 2256,1848 2264,1897 2209,1917 2198,1908 2066,1922 1511,1919 1467,1930 1448,1919 1360,1930 1349,1919 1176,1919 1115,1933 1093,1922 1071,1936 1058,1922 725,1933"/>
        <Baseline points="724,1920 801,1918 878,1917 955,1916 1032,1916 1109,1915 1186,1916 1263,1916 1340,1916 1417,1917 1495,1917 1572,1917 1649,1917 1726,1917 1803,1916 1880,1915 1957,1914 2034,1911 2111,1908 2188,1905 2266,1900"/>
        <TextEquiv>
          <Unicode>par le conseil de Prud&#x27;hommes du Département de la seine</Unicode>
        </TextEquiv>
      </TextLine>

    
    
      <TextLine id="r1l23" >
        <Coords points="728,1988 731,1963 764,1930 948,1928 989,1958 1049,1933 1085,1947 1102,1930 1129,1941 1170,1936 1189,1952 1220,1930 1247,1928 1286,1958 1302,1950 1354,1963 1409,1944 1431,1922 1453,1922 1497,1961 1607,1961 1811,1958 1833,1933 1857,1928 1945,1955 2014,1922 2044,1939 2074,1919 2118,1952 2162,1928 2198,1941 2231,1914 2248,1930 2261,1922 2270,1969 2261,1983 2212,1985 2193,2002 2058,1988 2041,2002 2014,1991 1992,2005 1940,1994 1871,2005 1835,1994 1800,2007 1679,2007 1651,1994 1604,2007 1442,1991 1368,1996 1354,2010 1198,1991 1162,2005 1143,1994 1110,2010 1038,1994 750,1996 733,2010"/>
        <Baseline points="730,1990 807,1989 884,1988 961,1988 1038,1988 1115,1989 1192,1989 1269,1990 1346,1991 1423,1991 1501,1992 1578,1992 1655,1992 1732,1992 1809,1991 1886,1989 1963,1987 2040,1984 2117,1981 2194,1976 2272,1970"/>
        <TextEquiv>
          <Unicode>pour l&#x27;industrie des Tissus le vingt Décembre mil huit cent soixante</Unicode>
        </TextEquiv>
      </TextLine>

    
    
      <TextLine id="r1l24" >
        <Coords points="731,2060 733,2032 761,2029 780,2010 802,2010 835,2038 884,2010 945,2007 981,2029 1014,2021 1030,2038 1096,2038 1135,2005 1179,2016 1192,2005 1250,2005 1283,2024 1310,2002 1492,1999 1525,1999 1558,2029 1624,2002 1687,2027 1717,2010 1734,2024 1758,2016 1775,2027 1805,1999 1838,2027 1868,2027 2050,2024 2083,1994 2132,2021 2182,2010 2201,2018 2228,1991 2253,1988 2264,2038 2212,2076 2182,2057 2063,2079 1948,2079 1921,2062 1868,2068 1849,2081 1833,2068 1794,2079 1753,2068 1541,2068 1456,2087 1434,2070 1387,2079 1374,2065 1357,2076 1338,2068 1308,2087 1244,2068 1217,2090 1121,2068 978,2068 956,2084 937,2070 736,2070"/>
        <Baseline points="732,2062 808,2062 885,2061 962,2061 1038,2062 1115,2062 1192,2063 1268,2064 1345,2064 1422,2065 1499,2065 1575,2065 1652,2065 1729,2064 1805,2063 1882,2061 1959,2058 2035,2055 2112,2051 2189,2046 2266,2040"/>
        <TextEquiv>
          <Unicode>dix huit, enregistré, Jasseret a été condamné à payer à</Unicode>
        </TextEquiv>
      </TextLine>

    
    
      <TextLine id="r1l25" >
        <Coords points="703,2136 706,2120 758,2120 838,2087 950,2084 970,2095 1030,2081 1107,2081 1159,2114 1187,2114 1228,2079 1283,2084 1305,2103 1335,2084 1374,2112 1423,2109 1481,2076 1514,2109 1547,2109 1572,2106 1613,2073 1659,2106 1714,2106 1797,2092 1808,2103 1860,2103 1896,2079 1923,2095 1945,2084 1962,2101 2066,2101 2110,2092 2143,2065 2165,2081 2193,2065 2226,2087 2253,2076 2261,2112 2239,2150 2198,2150 2184,2136 2127,2139 2116,2128 2074,2142 1962,2136 1855,2156 1811,2156 1786,2142 1665,2156 1607,2142 1558,2161 1467,2139 1434,2142 1415,2161 1299,2164 1280,2145 1261,2153 1233,2139 1176,2153 1058,2142 1036,2161 1000,2145 742,2147 709,2172"/>
        <Baseline points="706,2138 783,2136 861,2135 939,2134 1017,2134 1095,2135 1173,2135 1251,2136 1329,2137 1407,2137 1485,2138 1562,2138 1640,2138 1718,2138 1796,2137 1874,2135 1952,2133 2030,2129 2108,2125 2186,2120 2264,2114"/>
        <TextEquiv>
          <Unicode>Passaud la somme de seize francs soixante dix centimes de Principal</Unicode>
        </TextEquiv>
      </TextLine>

    
    
      <TextLine id="r1l26" >
        <Coords points="717,2216 720,2167 733,2164 843,2164 868,2183 912,2183 939,2161 1008,2161 1063,2194 1107,2180 1146,2194 1179,2161 1203,2156 1242,2191 1264,2180 1305,2191 1319,2180 1390,2189 1404,2175 1473,2183 1514,2150 1547,2150 1585,2172 1610,2158 1637,2183 1681,2183 1709,2161 1739,2161 1761,2180 1805,2180 1827,2167 1874,2180 1907,2158 1943,2175 1970,2156 1997,2172 2044,2161 2173,2175 2223,2161 2248,2136 2311,2136 2319,2186 2314,2230 2300,2233 2253,2233 2223,2213 2206,2222 2187,2202 2074,2235 2036,2216 2000,2233 1948,2222 1923,2238 1885,2222 1860,2241 1841,2222 1819,2238 1709,2227 1662,2244 1596,2244 1577,2227 1558,2235 1500,2222 1434,2249 1371,2249 1305,2222 1280,2244 1255,2222 1239,2233 1217,2222 1181,2252 1146,2255 1096,2255 1066,2224 956,2227 942,2241 923,2227 720,2230"/>
        <Baseline points="720,2217 800,2216 880,2215 960,2215 1040,2215 1120,2216 1200,2217 1280,2218 1360,2219 1440,2220 1520,2220 1600,2221 1680,2220 1760,2220 1840,2218 1920,2216 2000,2213 2080,2209 2160,2204 2240,2197 2321,2189"/>
        <TextEquiv>
          <Unicode>et les accessoires. le jugement fut signifié à Jasseret par exploit</Unicode>
        </TextEquiv>
      </TextLine>

    
    
      <TextLine id="r1l27" >
        <Coords points="720,2287 722,2257 750,2241 799,2260 871,2238 942,2238 978,2255 997,2241 1036,2266 1063,2255 1085,2266 1168,2266 1203,2233 1266,2233 1277,2244 1313,2233 1357,2238 1393,2260 1456,2260 1475,2241 1506,2235 1528,2255 1580,2230 1607,2257 1643,2257 1783,2252 1835,2222 1874,2244 1901,2227 1951,2252 2006,2249 2041,2224 2080,2249 2110,2224 2149,2238 2173,2216 2253,2216 2261,2260 2256,2274 2132,2274 2088,2296 2058,2282 2017,2296 1965,2290 1948,2304 1893,2304 1879,2293 1824,2304 1805,2293 1753,2307 1742,2296 1681,2304 1648,2293 1604,2309 1552,2309 1492,2290 1343,2301 1324,2293 1261,2312 1195,2315 1154,2293 1110,2312 1091,2312 1071,2293 1030,2293 997,2315 904,2320 879,2296 725,2298"/>
        <Baseline points="722,2288 799,2286 876,2286 953,2286 1030,2286 1107,2286 1184,2287 1261,2288 1338,2289 1415,2290 1493,2291 1570,2291 1647,2291 1724,2290 1801,2289 1878,2287 1955,2284 2032,2280 2109,2275 2186,2269 2264,2262"/>
        <TextEquiv>
          <Unicode>de Champion, huissier à Paris, en date du seize Janvier</Unicode>
        </TextEquiv>
      </TextLine>

    
    
      <TextLine id="r1l28" >
        <Coords points="717,2364 720,2331 731,2326 761,2340 777,2323 843,2312 895,2312 931,2348 948,2348 978,2326 1066,2345 1113,2307 1151,2334 1220,2342 1255,2307 1291,2337 1324,2337 1382,2304 1418,2326 1500,2298 1563,2334 1767,2329 1780,2318 1816,2329 1835,2315 1890,2329 1959,2326 1997,2296 2022,2304 2041,2287 2091,2298 2105,2287 2160,2296 2176,2285 2275,2285 2286,2331 2261,2348 2127,2356 2105,2375 2052,2356 2008,2375 1984,2367 1962,2378 1780,2373 1764,2384 1690,2384 1676,2370 1637,2370 1561,2386 1412,2367 1371,2381 1264,2367 1239,2384 1143,2367 1110,2389 1091,2375 1060,2386 1041,2370 1022,2378 1003,2367 720,2373"/>
        <Baseline points="718,2366 796,2364 875,2363 953,2363 1032,2363 1110,2364 1189,2365 1267,2366 1346,2367 1424,2368 1503,2369 1582,2369 1660,2369 1739,2368 1817,2367 1896,2364 1974,2360 2053,2356 2131,2349 2210,2342 2289,2332"/>
        <TextEquiv>
          <Unicode>mil huit cent soixante dix huit, enregistré à la requête de</Unicode>
        </TextEquiv>
      </TextLine>

    
    
      <TextLine id="r1l29" >
        <Coords points="703,2433 706,2381 783,2381 824,2400 840,2384 873,2400 901,2378 994,2375 1044,2375 1069,2400 1104,2406 1126,2389 1165,2400 1192,2384 1242,2384 1272,2414 1302,2414 1341,2375 1407,2370 1448,2411 1464,2411 1500,2395 1533,2408 1591,2408 1670,2370 1709,2406 1849,2403 1888,2384 1921,2403 2091,2400 2151,2356 2176,2370 2190,2356 2267,2353 2275,2406 2270,2422 2201,2422 2168,2444 2080,2436 2063,2447 1679,2444 1599,2455 1550,2444 1517,2455 1497,2444 1269,2452 1250,2441 1176,2441 1118,2458 1093,2441 1060,2452 1019,2441 989,2444 959,2466 882,2466 862,2447 709,2447"/>
        <Baseline points="706,2435 784,2434 863,2434 941,2434 1020,2435 1099,2436 1177,2437 1256,2439 1334,2440 1413,2441 1492,2442 1570,2442 1649,2442 1727,2441 1806,2440 1885,2437 1963,2434 2042,2429 2120,2423 2199,2417 2278,2408"/>
        <TextEquiv>
          <Unicode>Pascaux, enregistré. Suivant exploit de Minaud, huissier</Unicode>
        </TextEquiv>
      </TextLine>

    
    
      <TextLine id="r1l30" >
        <Coords points="711,2510 714,2466 871,2463 928,2496 986,2480 1016,2496 1069,2458 1135,2461 1162,2482 1192,2485 1242,2458 1305,2493 1371,2458 1429,2466 1451,2450 1470,2450 1511,2488 1544,2488 1772,2482 1794,2466 1822,2474 1852,2455 1868,2466 1918,2444 1951,2477 2088,2474 2143,2436 2168,2461 2198,2461 2239,2433 2261,2433 2270,2474 2261,2496 2212,2488 2198,2499 2151,2499 2135,2515 2107,2504 2085,2524 2025,2526 1896,2529 1833,2518 1819,2529 1789,2521 1745,2532 1709,2518 1668,2518 1659,2529 1577,2518 1536,2529 1514,2515 1412,2532 1396,2521 1308,2529 1272,2518 1255,2529 1233,2515 1148,2526 1069,2515 1058,2532 1041,2521 1016,2532 956,2515 714,2521"/>
        <Baseline points="712,2513 790,2511 868,2510 946,2510 1024,2511 1102,2511 1180,2513 1258,2514 1336,2515 1414,2517 1492,2518 1570,2518 1648,2518 1726,2517 1804,2515 1882,2512 1960,2508 2038,2503 2116,2496 2194,2487 2272,2477"/>
        <TextEquiv>
          <Unicode>à Paris, en date du dix huit Janvier mil huit cent soixante</Unicode>
        </TextEquiv>
      </TextLine>

    
    
      <TextLine id="r1l31" >
        <Coords points="728,2581 731,2559 761,2535 813,2562 827,2548 849,2559 879,2532 970,2532 1005,2559 1047,2559 1099,2535 1132,2562 1181,2537 1220,2554 1253,2526 1280,2543 1327,2543 1365,2526 1409,2543 1429,2532 1462,2543 1489,2521 1522,2521 1544,2535 1561,2529 1591,2554 1635,2554 1668,2540 1739,2551 1783,2526 1824,2524 1852,2548 2052,2546 2077,2524 2124,2540 2179,2510 2239,2510 2248,2554 2242,2568 2195,2579 2105,2576 2063,2598 2017,2584 1986,2601 1943,2603 1811,2590 1698,2603 1665,2590 1635,2609 1503,2609 1478,2595 1453,2612 1437,2595 1354,2590 1343,2601 1291,2601 1214,2590 1140,2612 1107,2590 1033,2587 1019,2598 986,2590 945,2617 915,2590 733,2592"/>
        <Baseline points="730,2582 806,2582 882,2582 958,2582 1034,2583 1110,2584 1186,2585 1262,2586 1338,2588 1414,2589 1490,2589 1566,2590 1642,2590 1718,2589 1794,2587 1870,2585 1946,2582 2022,2577 2098,2572 2174,2565 2250,2557"/>
        <TextEquiv>
          <Unicode>dix huit, visé pour timbre et Enregistré à Paris, le dix</Unicode>
        </TextEquiv>
      </TextLine>

    
    
      <TextLine id="r1l32" >
        <Coords points="711,2658 720,2617 769,2617 786,2634 813,2636 829,2620 849,2628 862,2614 887,2614 931,2642 950,2623 970,2631 992,2612 1137,2609 1170,2631 1195,2609 1220,2625 1244,2612 1275,2628 1313,2603 1357,2634 1440,2614 1495,2631 1517,2614 1552,2631 1599,2628 1651,2598 1673,2612 1690,2601 1734,2625 1780,2625 1830,2595 1877,2623 1915,2623 1967,2609 1984,2620 2036,2620 2094,2587 2135,2587 2165,2614 2206,2601 2237,2606 2256,2587 2281,2587 2289,2623 2281,2634 2215,2634 2157,2664 2143,2653 2102,2664 1967,2658 1676,2675 1615,2675 1604,2664 1470,2675 1453,2664 1283,2664 1266,2678 1250,2661 1220,2661 1176,2678 1159,2664 1088,2658 956,2661 937,2675 895,2664 731,2667 714,2683"/>
        <Baseline points="712,2659 790,2656 869,2654 948,2654 1027,2654 1106,2655 1185,2656 1264,2658 1343,2659 1422,2661 1501,2662 1579,2663 1658,2664 1737,2663 1816,2662 1895,2660 1974,2656 2053,2651 2132,2644 2211,2636 2290,2625"/>
        <TextEquiv>
          <Unicode>janvier mil huit cent soixante dix huit, débet deux francs quinze</Unicode>
        </TextEquiv>
      </TextLine>

    
    
      <TextLine id="r1l33" >
        <Coords points="709,2730 720,2680 972,2675 986,2686 1025,2675 1091,2710 1137,2710 1170,2683 1198,2699 1228,2669 1255,2672 1283,2697 1327,2672 1363,2705 1437,2667 1500,2699 1547,2699 1596,2667 1659,2697 1805,2694 1841,2672 1866,2691 1915,2691 1995,2661 2033,2686 2124,2686 2151,2656 2250,2642 2264,2691 2253,2705 2014,2738 2000,2727 1701,2746 1588,2738 1528,2749 1503,2738 1481,2752 1423,2752 1385,2735 1363,2749 1310,2735 1258,2757 1211,2757 1184,2732 1052,2746 1033,2735 714,2741"/>
        <Baseline points="710,2732 787,2729 865,2727 943,2727 1021,2727 1099,2728 1176,2729 1254,2731 1332,2733 1410,2735 1488,2736 1565,2738 1643,2738 1721,2738 1799,2736 1877,2733 1954,2730 2032,2723 2110,2715 2188,2706 2266,2694"/>
        <TextEquiv>
          <Unicode>Centimes, signé : de feuillez, Jasseret forma opposition à</Unicode>
        </TextEquiv>
      </TextLine>

    
    
      <TextLine id="r1l34" >
        <Coords points="709,2801 711,2760 884,2771 901,2763 945,2779 997,2752 1074,2768 1200,2746 1244,2782 1286,2743 1346,2743 1379,2765 1440,2746 1467,2765 1525,2738 1572,2774 1591,2760 1602,2771 1767,2768 1907,2754 2091,2757 2127,2724 2250,2716 2264,2757 2198,2790 2168,2779 2157,2793 2121,2790 2094,2807 2069,2793 2036,2815 2008,2801 1866,2820 1679,2812 1654,2826 1640,2812 1593,2809 1574,2820 1522,2807 1489,2823 1456,2809 1426,2831 1343,2834 1308,2804 1228,2818 1195,2807 1187,2818 1107,2798 1080,2809 997,2801 967,2820 937,2804 901,2804 890,2818 876,2807 714,2809"/>
        <Baseline points="710,2802 787,2798 865,2796 943,2795 1021,2796 1099,2797 1176,2798 1254,2800 1332,2802 1410,2804 1488,2806 1565,2807 1643,2807 1721,2807 1799,2805 1877,2802 1954,2798 2032,2791 2110,2783 2188,2772 2266,2759"/>
        <TextEquiv>
          <Unicode>ce jugement et cita Paseaux à comparaître par devant le dit</Unicode>
        </TextEquiv>
      </TextLine>

    
    
      <TextLine id="r1l35" >
        <Coords points="692,2870 695,2845 717,2823 832,2820 849,2834 882,2820 1093,2815 1135,2834 1176,2812 1195,2823 1209,2815 1244,2851 1297,2851 1327,2840 1393,2848 1407,2837 1478,2845 1500,2834 1528,2845 1585,2842 1618,2812 1651,2826 1673,2820 1695,2840 1888,2837 1912,2818 1945,2829 1986,2804 2030,2834 2063,2834 2121,2793 2179,2829 2215,2804 2242,2807 2250,2837 2242,2851 2124,2870 2105,2889 2008,2889 1989,2878 1934,2892 1868,2875 1844,2894 1698,2897 1676,2884 1635,2884 1585,2897 1525,2878 1500,2889 1489,2878 1470,2889 1217,2878 1192,2892 1099,2873 1044,2878 1030,2892 1005,2875 948,2886 733,2881 698,2905"/>
        <Baseline points="695,2873 772,2871 850,2869 928,2868 1006,2869 1084,2869 1162,2871 1239,2872 1317,2874 1395,2876 1473,2877 1551,2878 1629,2878 1707,2878 1784,2877 1862,2874 1940,2870 2018,2865 2096,2858 2174,2849 2252,2838"/>
        <TextEquiv>
          <Unicode>Conseil de Prud&#x27;hommes séant en Bureau Général le Jeudi</Unicode>
        </TextEquiv>
      </TextLine>

    
    
      <TextLine id="r1l36" >
        <Coords points="717,2944 720,2900 876,2897 923,2925 975,2894 1014,2894 1036,2911 1115,2922 1148,2903 1184,2916 1231,2886 1288,2886 1308,2905 1324,2894 1363,2922 1401,2900 1440,2916 1486,2881 1503,2892 1528,2878 1566,2916 1629,2900 1723,2914 1827,2911 1871,2875 1926,2908 1975,2886 1997,2905 2091,2903 2127,2873 2190,2892 2253,2862 2261,2903 2256,2916 2212,2930 2184,2922 2165,2941 2143,2927 2036,2949 1646,2949 1624,2960 1550,2949 1528,2963 1495,2952 1448,2963 1434,2949 1374,2958 1346,2947 1280,2960 1258,2944 1200,2963 1146,2947 1121,2958 1093,2949 1080,2963 1063,2949 970,2960 722,2958"/>
        <Baseline points="718,2945 795,2942 872,2940 949,2939 1026,2939 1104,2940 1181,2942 1258,2944 1335,2946 1412,2948 1490,2949 1567,2950 1644,2951 1721,2951 1798,2949 1876,2946 1953,2941 2030,2935 2107,2927 2184,2917 2262,2904"/>
        <TextEquiv>
          <Unicode>trente un Janvier mil huit cent soixante dix huit pour le voir</Unicode>
        </TextEquiv>
      </TextLine>

    
    
      <TextLine id="r1l37" >
        <Coords points="700,3013 709,2969 827,2969 849,2985 909,2966 975,2977 1027,2966 1066,2991 1102,2977 1146,2988 1176,2971 1214,2988 1255,2988 1269,2974 1308,2974 1319,2985 1332,2969 1398,2969 1418,2985 1478,2971 1506,2982 1572,2966 1588,2974 1607,2958 1637,2969 1684,2958 1709,2982 1923,2980 1951,2955 1986,2977 2091,2977 2116,2952 2140,2952 2154,2963 2165,2955 2173,2993 2165,3004 1954,3024 1385,3029 1352,3018 1330,3029 1299,3015 1225,3029 1170,3015 1107,3029 1052,3021 1038,3032 975,3018 950,3035 937,3021 703,3021"/>
        <Baseline points="702,3014 775,3012 849,3011 923,3011 996,3012 1070,3012 1144,3014 1217,3015 1291,3016 1365,3017 1439,3018 1512,3019 1586,3020 1660,3019 1733,3019 1807,3017 1881,3015 1954,3012 2028,3007 2102,3002 2176,2995"/>
        <TextEquiv>
          <Unicode>recevoir opposant à ce jugement, le voir décharger des</Unicode>
        </TextEquiv>
      </TextLine>

    
    
      <TextLine id="r1l38" >
        <Coords points="689,3084 692,3040 777,3043 846,3065 873,3062 901,3037 986,3032 1058,3037 1093,3062 1121,3040 1165,3065 1217,3026 1244,3043 1266,3026 1319,3037 1352,3024 1459,3057 1547,3057 1615,3054 1640,3029 1679,3051 1772,3051 1797,3037 1811,3048 1948,3046 1989,3018 2006,3032 2033,3021 2058,3043 2091,3032 2110,3040 2157,3021 2171,3032 2198,3004 2228,3013 2253,3002 2261,3046 2256,3062 2195,3062 2151,3092 2135,3081 2107,3092 2030,3084 1907,3098 1893,3087 1813,3100 1747,3100 1736,3090 1648,3103 1593,3092 1555,3106 1514,3092 1363,3111 1297,3111 1272,3090 1176,3103 1110,3092 1093,3103 1077,3090 1044,3090 1025,3106 970,3092 695,3103"/>
        <Baseline points="692,3087 770,3085 849,3084 927,3084 1006,3085 1085,3086 1163,3087 1242,3089 1320,3090 1399,3091 1478,3092 1556,3093 1635,3093 1713,3092 1792,3090 1871,3087 1949,3083 2028,3077 2106,3069 2185,3060 2264,3048"/>
        <TextEquiv>
          <Unicode>condamnations contre lui prononcées en principale et accessoires</Unicode>
        </TextEquiv>
      </TextLine>

    
    
      <TextLine id="r1l39" >
        <Coords points="684,3161 687,3106 753,3103 890,3100 964,3144 994,3111 1038,3098 1124,3109 1143,3095 1176,3120 1203,3095 1255,3092 1313,3133 1360,3133 1374,3122 1385,3131 1407,3111 1420,3122 1495,3122 1528,3098 1582,3128 1687,3117 1767,3125 1827,3122 1874,3098 1901,3120 1937,3120 1956,3103 1984,3117 2096,3117 2135,3076 2168,3106 2201,3073 2245,3079 2256,3068 2264,3122 2248,3164 2223,3144 2179,3144 2146,3169 2061,3169 2041,3158 2028,3172 1813,3166 1805,3177 1577,3183 1514,3172 1470,3186 1398,3186 1365,3172 1354,3180 1247,3166 1181,3172 1159,3186 1091,3172 1022,3172 1005,3186 981,3175 807,3177 775,3180 747,3199 728,3191 689,3202"/>
        <Baseline points="686,3163 765,3161 844,3160 923,3160 1002,3160 1081,3161 1160,3162 1239,3164 1318,3166 1397,3167 1476,3168 1555,3169 1634,3169 1713,3168 1792,3166 1871,3162 1950,3158 2029,3152 2108,3144 2187,3135 2266,3123"/>
        <TextEquiv>
          <Unicode>S&#x27;entendre le dit Pascaux déclarer non recevable en ses demandes </Unicode>
        </TextEquiv>
      </TextLine>

    
    </TextRegion>
    
  </Page>
</PcGts>
