<?xml version="1.0" encoding="UTF-8"  standalone="yes"?>
<PcGts xmlns="http://schema.primaresearch.org/PAGE/gts/pagecontent/2019-07-15" xmlns:xsi="http://www.w3.org/2001/XMLSchema-instance" xsi:schemaLocation="http://schema.primaresearch.org/PAGE/gts/pagecontent/2019-07-15 http://schema.primaresearch.org/PAGE/gts/pagecontent/2019-07-15/pagecontent.xsd">
  <Metadata>
	<Creator>escriptorium</Creator>
	<Created>2024-01-19T12:48:47.237957+00:00</Created>
        <LastChange>2024-01-19T12:48:47.237974+00:00</LastChange>

  </Metadata>
  <Page imageFilename="IMG_20190620_122953.jpg" imageWidth="2135" imageHeight="3344">

    
    <TextRegion id="eSc_textblock_fc5db271"  >
      <Coords points="1156,55 1198,55 1198,86 1156,97 1156,55"/>
      
    </TextRegion>
    
    <TextRegion id="eSc_textblock_e497a25e"  >
      <Coords points="1948,66 2001,97 1934,220 2056,245 2101,312 2079,2148 2112,3174 1967,3218 1778,3174 490,3218 501,2998 356,2987 523,2895 468,2181 512,1984 445,1959 535,1769 490,1515 535,1345 512,713 546,401 501,300 602,189 1059,133 1755,167 1867,144 1948,66"/>
      
    </TextRegion>
    
    <TextRegion id="eSc_textblock_b69b10bf"  >
      <Coords points="345,200 376,200 353,287 409,376 289,420 256,267 345,200"/>
      
    </TextRegion>
    
    <TextRegion id="eSc_textblock_f5ffa93f"  >
      <Coords points="156,434 298,434 331,498 253,576 167,576 156,434"/>
      
    </TextRegion>
    

    
    <TextRegion id="eSc_dummyblock_">
    
    
      <TextLine id="r5l2" >
        <Coords points="908,197 914,158 930,164 950,147 986,167 1075,147 1120,150 1173,181 1187,172 1237,189 1273,189 1301,167 1323,192 1399,186 1413,197 1432,186 1471,200 1507,172 1574,175 1627,209 1705,203 1711,239 1666,253 1630,242 1571,256 1532,242 1521,253 1488,242 1446,250 1401,248 1382,231 1354,245 1329,231 1287,242 1268,222 1245,234 1192,217 1181,228 1112,228 1061,214 1017,222 1000,206 964,203 939,217 911,203"/>
        <Baseline points="911,200 951,202 991,204 1031,206 1071,209 1111,212 1151,214 1192,217 1232,220 1272,224 1312,226 1352,229 1392,231 1432,234 1473,236 1513,238 1553,239 1593,240 1633,241 1673,241 1714,241"/>
        <TextEquiv>
          <Unicode>— Dudit jour dix sept Janvier</Unicode>
        </TextEquiv>
      </TextLine>

    
    
      <TextLine id="r5l3" >
        <Coords points="551,278 557,248 602,214 671,220 724,248 769,217 799,217 825,239 911,220 928,236 953,225 981,256 1022,222 1050,222 1084,245 1156,225 1273,228 1301,250 1318,242 1337,259 1371,248 1390,264 1424,267 1580,270 1619,248 1647,267 1683,248 1744,270 1761,259 1772,273 1831,275 1861,256 1884,275 1917,275 1964,256 1984,278 2037,273 2045,312 2037,337 1978,337 1964,323 1900,317 1847,334 1814,320 1786,331 1691,331 1663,314 1580,328 1558,314 1343,314 1312,300 1240,320 1215,298 1195,314 1148,292 1092,298 1047,287 981,298 964,287 956,295 883,284 825,312 774,303 752,281 691,289 674,278 610,278 554,295"/>
        <Baseline points="554,279 628,276 703,274 777,273 852,274 927,276 1001,278 1076,282 1150,286 1225,290 1300,294 1374,299 1449,304 1523,307 1598,311 1673,314 1747,316 1822,317 1896,317 1971,316 2046,314"/>
        <TextEquiv>
          <Unicode>Entre Monsieur Herbelin, demeurant à Paris, Boulevart</Unicode>
        </TextEquiv>
      </TextLine>

    
    
      <TextLine id="r5l4" >
        <Coords points="571,348 582,309 629,295 694,314 766,298 811,320 838,300 886,312 914,303 947,326 1031,314 1042,328 1078,331 1131,306 1231,334 1287,314 1312,326 1326,312 1388,312 1502,314 1532,342 1577,328 1624,345 1942,345 1967,351 1973,381 1964,401 1937,390 1906,401 1847,387 1744,398 1700,387 1532,392 1521,381 1390,390 1329,367 1315,376 1279,365 1259,376 1245,365 1229,373 1034,353 967,367 939,353 866,351 841,370 799,348 691,356 618,348 574,362"/>
        <Baseline points="572,351 642,347 712,345 782,344 852,344 922,345 992,347 1062,350 1132,353 1202,357 1273,361 1343,365 1413,369 1483,373 1553,377 1623,380 1693,382 1763,384 1833,385 1903,385 1974,383"/>
        <TextEquiv>
          <Unicode>Charonne, numéro soixante seize, agissant au nom et</Unicode>
        </TextEquiv>
      </TextLine>

    
    
      <TextLine id="r5l5" >
        <Coords points="568,420 574,384 615,365 635,365 680,395 724,381 749,392 777,378 813,390 833,370 894,398 930,398 981,373 995,387 1095,376 1162,406 1181,406 1212,381 1254,395 1304,381 1315,395 1335,384 1357,404 1516,418 1563,418 1585,404 1613,418 1633,404 1647,418 1686,420 1716,404 1742,423 1828,423 1861,404 1939,429 1973,401 2026,401 2031,459 2023,473 1769,459 1616,465 1507,451 1424,459 1360,443 1273,454 1195,434 1031,440 777,423 663,423 643,434 602,426 571,437"/>
        <Baseline points="570,423 643,420 716,418 789,417 862,418 936,419 1009,421 1082,424 1155,427 1228,431 1302,435 1375,439 1448,443 1521,447 1594,451 1668,454 1741,457 1814,459 1887,461 1960,461 2034,461"/>
        <TextEquiv>
          <Unicode>Comme administrateur de la personne et des biens de sa fille</Unicode>
        </TextEquiv>
      </TextLine>

    
    
      <TextLine id="r5l6" >
        <Coords points="560,493 579,451 674,465 730,443 777,470 805,470 833,443 877,443 894,457 908,445 969,445 1028,476 1047,465 1067,473 1103,451 1145,451 1212,482 1254,454 1304,454 1388,457 1435,487 1493,487 1535,462 1563,462 1594,490 1627,493 1711,484 1733,496 1817,496 1859,476 1884,496 1920,498 1937,487 1948,501 1998,501 2012,487 2040,496 2045,532 1953,548 1781,532 1761,543 1622,540 1597,529 1496,535 1471,521 1454,535 1407,535 1393,518 1340,523 1290,512 1240,512 1223,529 1195,529 1159,509 953,504 905,521 872,501 836,518 760,498 563,504"/>
        <Baseline points="562,494 636,493 710,493 784,493 858,494 933,496 1007,498 1081,501 1155,504 1229,508 1304,511 1378,515 1452,518 1526,522 1600,525 1675,528 1749,531 1823,533 1897,534 1971,535 2046,535"/>
        <TextEquiv>
          <Unicode>mineure Zoé, ouvrière fleuriste ; Demandeur ; Comparant ;</Unicode>
        </TextEquiv>
      </TextLine>

    
    
      <TextLine id="r5l7" >
        <Coords points="557,571 563,504 624,515 654,507 685,540 766,543 858,523 919,546 964,515 1103,521 1139,551 1165,532 1195,551 1284,557 1337,526 1368,526 1429,554 1491,532 1571,565 1708,568 1728,548 1769,537 1803,540 1850,571 1898,562 1914,574 1959,554 1973,610 1875,621 1828,607 1772,618 1332,593 1290,604 1276,590 1243,601 1223,585 1190,596 1156,582 1053,582 1036,596 975,579 944,590 925,576 864,574 763,571 730,587 666,587 629,574 560,579"/>
        <Baseline points="559,572 629,571 700,569 771,569 842,570 913,571 984,573 1054,576 1125,578 1196,582 1267,585 1338,589 1409,592 1480,596 1550,599 1621,602 1692,605 1763,607 1834,609 1905,611 1976,612"/>
        <TextEquiv>
          <Unicode>D&#x27;une part ; Et Monsieur Lasalle et veuve Voguet,</Unicode>
        </TextEquiv>
      </TextLine>

    
    
      <TextLine id="r5l8" >
        <Coords points="563,646 568,615 607,615 646,587 688,618 791,618 819,596 838,615 875,599 894,618 928,624 964,610 1025,618 1092,599 1112,613 1192,601 1257,632 1304,610 1413,607 1432,624 1449,610 1482,613 1524,640 1574,624 1597,640 1736,646 1761,643 1786,618 1839,618 1878,649 1992,652 2017,627 2043,646 2048,685 2040,702 2012,688 1889,688 1873,699 1814,685 1769,696 1683,682 1641,693 1577,677 1516,691 1468,688 1454,674 1418,685 1404,671 1371,685 1354,674 1312,685 1262,663 1167,660 1128,660 1087,679 1053,657 802,652 774,668 758,649 629,649 604,666 565,666"/>
        <Baseline points="565,648 639,646 713,645 787,645 862,645 936,647 1010,649 1084,651 1159,654 1233,657 1307,661 1381,665 1456,668 1530,672 1604,675 1678,678 1753,681 1827,684 1901,685 1975,686 2050,687"/>
        <TextEquiv>
          <Unicode>associés fabricants de fleurs artificielles, demeurant et domiciliés</Unicode>
        </TextEquiv>
      </TextLine>

    
    
      <TextLine id="r5l9" >
        <Coords points="565,721 568,688 635,691 691,663 777,666 808,696 855,668 905,668 930,696 972,671 1017,671 1047,696 1075,682 1120,691 1148,674 1190,699 1220,677 1262,677 1290,691 1399,685 1432,710 1491,713 1736,718 1811,696 1828,713 1861,716 1942,702 1970,718 2001,707 2034,724 2045,716 2054,757 2031,769 1808,755 1716,763 1708,752 1689,760 1666,749 1630,760 1594,749 1485,757 1429,744 1382,752 1346,738 1257,744 1243,732 1165,744 1139,730 1114,738 797,724 783,738 713,738 694,721 568,727"/>
        <Baseline points="566,722 640,720 715,719 789,718 864,719 938,720 1013,722 1087,724 1162,727 1236,730 1311,733 1385,737 1460,740 1534,744 1609,747 1683,750 1758,753 1832,755 1907,757 1981,758 2056,759"/>
        <TextEquiv>
          <Unicode>à Paris, Boulevart de Strasbourg, numéro cinquante-neuf ;</Unicode>
        </TextEquiv>
      </TextLine>

    
    
      <TextLine id="r5l10" >
        <Coords points="551,794 557,730 671,724 702,727 744,760 788,763 889,763 922,732 967,746 995,732 1098,735 1131,771 1153,760 1176,771 1231,769 1268,741 1309,741 1332,757 1346,749 1371,777 1415,744 1507,780 1569,780 1583,766 1605,783 1655,749 1677,752 1708,785 1769,780 1808,755 1822,769 1859,757 1892,788 2034,791 2040,830 2031,844 2012,833 1895,830 1831,841 1797,827 1786,838 1655,824 1502,833 1468,816 1440,830 1396,830 1315,808 1151,824 1123,802 802,805 763,794 554,808"/>
        <Baseline points="552,796 626,794 701,793 775,793 850,794 924,795 999,796 1073,798 1148,801 1222,804 1297,806 1371,810 1446,813 1520,816 1595,819 1669,822 1744,824 1818,827 1893,829 1967,830 2042,831"/>
        <TextEquiv>
          <Unicode>Défendeur ; Défaillant ; D&#x27;autre part ; Point de fait = Par</Unicode>
        </TextEquiv>
      </TextLine>

    
    
      <TextLine id="r5l11" >
        <Coords points="576,858 582,824 610,802 660,802 699,824 744,827 760,816 788,824 813,808 861,808 891,827 914,808 983,822 997,810 1028,836 1073,824 1095,836 1137,824 1151,838 1226,827 1257,836 1301,819 1362,819 1393,822 1421,844 1454,822 1474,822 1502,847 1669,847 1691,827 1742,838 1750,830 1772,852 1814,855 1842,838 1925,858 1995,841 2031,858 2037,894 2023,905 1925,908 1783,894 1722,902 1691,891 1480,897 1463,883 1449,894 1432,883 1265,888 1251,877 1178,877 1162,888 1137,875 1106,886 1025,872 827,880 797,866 735,877 677,863 579,869"/>
        <Baseline points="578,861 651,861 724,861 797,862 870,863 943,864 1016,866 1089,868 1162,870 1235,873 1308,875 1381,878 1454,880 1527,883 1600,885 1673,888 1746,890 1819,892 1892,894 1965,896 2038,897"/>
        <TextEquiv>
          <Unicode>lettre du secrétaire du conseil de Prud&#x27;hommes du département de</Unicode>
        </TextEquiv>
      </TextLine>

    
    
      <TextLine id="r5l12" >
        <Coords points="571,933 576,900 610,877 641,877 660,897 682,880 719,905 813,897 905,911 933,886 1017,886 1047,914 1103,908 1126,888 1153,911 1190,891 1209,905 1231,894 1268,916 1298,894 1351,894 1396,922 1463,925 1502,900 1541,900 1555,914 1599,905 1636,927 1764,930 1792,916 1825,933 1912,936 1998,911 2012,922 2020,969 2001,980 1920,980 1875,969 1689,975 1541,958 1496,969 1452,955 1374,955 1354,966 1309,953 1262,964 1237,950 1184,950 1173,961 1126,947 1109,955 930,944 908,955 869,941 797,953 654,936 643,947 632,936 574,947"/>
        <Baseline points="573,935 645,934 717,935 790,935 862,936 935,938 1007,939 1080,941 1152,943 1225,945 1297,948 1369,950 1442,953 1514,955 1587,958 1659,960 1732,963 1804,965 1877,967 1949,969 2022,971"/>
        <TextEquiv>
          <Unicode>la seine pour l&#x27;industrie des tissus en date du mercredi</Unicode>
        </TextEquiv>
      </TextLine>

    
    
      <TextLine id="r5l13" >
        <Coords points="551,1005 557,969 654,972 682,953 710,964 738,955 758,975 799,964 819,978 908,969 930,980 967,980 986,961 1053,961 1089,983 1131,966 1153,983 1257,966 1276,986 1304,989 1354,972 1388,989 1443,978 1499,992 1549,972 1630,992 1663,975 1683,997 1744,978 1769,994 1794,978 1853,997 1875,980 1920,980 1990,1003 2026,986 2040,1039 2031,1058 1984,1045 1942,1056 1914,1039 1794,1056 1772,1036 1680,1053 1658,1036 1636,1050 1594,1050 1571,1033 1468,1039 1415,1022 1326,1039 1284,1019 1248,1033 1201,1022 1176,1042 1128,1039 1106,1017 995,1017 978,1031 889,1011 746,1022 677,1005 632,1028 554,1028"/>
        <Baseline points="553,1008 627,1008 701,1008 776,1008 850,1009 925,1010 999,1011 1074,1013 1148,1014 1223,1016 1297,1018 1371,1020 1446,1023 1520,1025 1595,1027 1669,1030 1744,1032 1818,1035 1893,1037 1967,1039 2042,1041"/>
        <TextEquiv>
          <Unicode>neuf Janvier mil huit cent soixante dix huit Herbelin fit citer</Unicode>
        </TextEquiv>
      </TextLine>

    
    
      <TextLine id="r5l14" >
        <Coords points="537,1078 540,1047 613,1047 638,1022 682,1022 724,1042 780,1025 799,1045 919,1039 936,1053 978,1056 1017,1056 1042,1031 1120,1031 1148,1058 1229,1047 1287,1061 1329,1039 1362,1061 1401,1042 1438,1064 1480,1064 1510,1039 1538,1039 1566,1058 1650,1045 1680,1067 1831,1061 1850,1072 1886,1047 1917,1070 1939,1058 1953,1072 1992,1072 2001,1106 1992,1120 1939,1120 1928,1109 1884,1120 1820,1103 1728,1117 1702,1100 1683,1109 1650,1097 1566,1114 1521,1097 1493,1109 1438,1097 1307,1109 1229,1089 1151,1089 1128,1106 1100,1086 1034,1100 981,1084 925,1092 777,1081 758,1097 666,1081 632,1095 540,1089"/>
        <Baseline points="538,1079 611,1079 684,1079 757,1079 830,1080 904,1081 977,1082 1050,1083 1123,1084 1196,1086 1270,1088 1343,1089 1416,1091 1489,1093 1562,1095 1636,1097 1709,1100 1782,1102 1855,1104 1928,1106 2002,1109"/>
        <TextEquiv>
          <Unicode>Lasalle et veuve Voguet à comparaître par devant le dit</Unicode>
        </TextEquiv>
      </TextLine>

    
    
      <TextLine id="r5l15" >
        <Coords points="571,1148 574,1117 696,1111 716,1123 758,1103 802,1117 847,1092 928,1092 958,1128 1025,1095 1056,1123 1087,1097 1112,1097 1139,1128 1162,1128 1184,1109 1204,1134 1259,1134 1276,1123 1321,1136 1368,1136 1424,1103 1443,1103 1482,1139 1513,1136 1535,1117 1571,1134 1611,1109 1691,1109 1792,1134 1831,1117 1861,1134 1917,1117 1956,1150 2037,1145 2051,1181 1959,1192 1900,1181 1825,1189 1775,1178 1683,1187 1666,1175 1558,1184 1493,1173 1443,1181 1432,1170 1315,1178 1301,1167 1212,1175 574,1156"/>
        <Baseline points="572,1149 646,1151 720,1152 794,1154 868,1155 942,1156 1016,1158 1090,1160 1164,1161 1238,1163 1312,1165 1386,1167 1460,1168 1534,1170 1608,1172 1682,1174 1756,1175 1830,1177 1904,1179 1978,1181 2052,1182"/>
        <TextEquiv>
          <Unicode>Conseil de Prud&#x27;hommes séant en Bureau Particulier le vendredi</Unicode>
        </TextEquiv>
      </TextLine>

    
    
      <TextLine id="r5l16" >
        <Coords points="576,1223 579,1192 654,1195 738,1170 766,1198 936,1201 978,1175 1056,1175 1106,1178 1123,1195 1148,1181 1184,1192 1201,1181 1215,1192 1309,1181 1337,1203 1357,1184 1371,1198 1435,1206 1499,1184 1535,1195 1605,1187 1636,1206 1661,1189 1697,1214 1755,1214 1792,1189 1825,1214 1856,1217 1939,1217 1967,1203 1981,1217 2009,1217 2015,1248 1931,1259 1853,1248 1658,1254 1633,1242 1488,1251 1468,1240 1388,1251 1357,1237 1220,1248 1014,1231 978,1242 900,1242 869,1228 811,1240 716,1226 579,1234"/>
        <Baseline points="577,1226 652,1226 728,1226 804,1226 879,1227 955,1228 1031,1229 1107,1231 1182,1232 1258,1234 1334,1235 1410,1237 1485,1239 1561,1241 1637,1243 1713,1244 1788,1246 1864,1248 1940,1249 2016,1250"/>
        <TextEquiv>
          <Unicode>onze Janvier mil huit cent soixante dix huit pour se concilier</Unicode>
        </TextEquiv>
      </TextLine>

    
    
      <TextLine id="r5l17" >
        <Coords points="560,1295 563,1265 727,1259 738,1270 788,1270 811,1256 825,1270 866,1251 891,1273 958,1273 986,1251 1011,1265 1056,1251 1087,1276 1153,1248 1192,1270 1240,1251 1282,1251 1329,1273 1379,1279 1413,1262 1466,1281 1485,1281 1513,1254 1532,1270 1563,1256 1661,1256 1705,1284 1739,1270 1783,1284 1828,1259 1853,1259 1884,1273 2009,1262 2017,1320 2009,1334 1959,1320 1928,1337 1912,1323 1867,1337 1828,1320 1711,1334 1694,1318 1611,1326 1594,1315 1569,1326 1532,1312 1374,1329 1340,1309 1276,1309 1251,1326 1237,1315 1148,1306 1109,1306 1092,1320 1053,1318 1042,1304 919,1304 905,1315 864,1301 830,1318 769,1304 671,1315 643,1298 563,1306"/>
        <Baseline points="562,1298 634,1298 707,1298 780,1298 853,1298 926,1299 999,1300 1071,1301 1144,1302 1217,1303 1290,1305 1363,1307 1436,1308 1509,1310 1581,1311 1654,1313 1727,1315 1800,1317 1873,1318 1946,1320 2019,1321"/>
        <TextEquiv>
          <Unicode>si faire se pouvait sur la demande qu&#x27;il entendait former</Unicode>
        </TextEquiv>
      </TextLine>

    
    
      <TextLine id="r5l18" >
        <Coords points="554,1371 557,1340 599,1323 615,1340 657,1340 691,1318 746,1334 772,1318 799,1318 850,1329 883,1320 928,1343 947,1332 1011,1340 1039,1320 1131,1343 1159,1323 1262,1323 1273,1337 1318,1329 1340,1348 1407,1348 1435,1329 1460,1348 1524,1351 1647,1351 1680,1337 1728,1348 1753,1332 1783,1354 1811,1337 1842,1354 1959,1354 1981,1337 2001,1351 2009,1387 2001,1401 1878,1401 1850,1390 1789,1398 1767,1384 1755,1396 1716,1384 1538,1398 1524,1384 1376,1396 1365,1384 1237,1387 1206,1376 1167,1376 1151,1390 1028,1373 928,1373 894,1390 852,1376 557,1379"/>
        <Baseline points="557,1373 629,1372 702,1371 774,1370 847,1370 920,1371 992,1371 1065,1372 1138,1373 1210,1374 1283,1376 1356,1377 1428,1379 1501,1380 1574,1382 1646,1383 1719,1385 1792,1386 1864,1387 1937,1388 2010,1389"/>
        <TextEquiv>
          <Unicode>Contre lui devant le dit conseil en paiement de la somme de</Unicode>
        </TextEquiv>
      </TextLine>

    
    
      <TextLine id="r5l19" >
        <Coords points="560,1440 565,1410 590,1401 632,1412 763,1412 816,1390 838,1407 864,1396 905,1410 1020,1393 1087,1415 1137,1401 1167,1418 1293,1418 1343,1396 1382,1396 1432,1412 1499,1398 1521,1421 1605,1410 1669,1421 1694,1398 1730,1398 1794,1401 1808,1415 1892,1401 1914,1418 1934,1404 1964,1421 2015,1421 2023,1454 1959,1468 1948,1457 1923,1468 1898,1457 1867,1468 1856,1457 1811,1460 1800,1471 1728,1454 1689,1471 1650,1454 1611,1471 1513,1471 1485,1454 1435,1449 1399,1460 1209,1451 1192,1463 1178,1449 1008,1446 883,1465 844,1443 780,1443 682,1463 671,1451 563,1460"/>
        <Baseline points="563,1443 636,1442 709,1442 782,1442 855,1443 928,1443 1001,1444 1075,1444 1148,1445 1221,1446 1294,1447 1367,1448 1440,1449 1513,1450 1587,1452 1660,1453 1733,1454 1806,1455 1879,1456 1952,1457 2026,1457"/>
        <TextEquiv>
          <Unicode>quarante-un francs cinquante centimes ; qu&#x27;ils lui doivent</Unicode>
        </TextEquiv>
      </TextLine>

    
    
      <TextLine id="r5l20" >
        <Coords points="579,1513 582,1476 624,1457 649,1479 758,1479 805,1457 833,1479 875,1482 942,1479 969,1460 992,1476 1028,1457 1064,1457 1087,1474 1159,1457 1215,1474 1245,1460 1265,1476 1315,1460 1340,1479 1376,1460 1446,1460 1482,1479 1505,1468 1524,1488 1672,1488 1719,1463 1736,1482 1769,1465 1786,1482 1831,1476 1864,1490 1903,1465 1956,1490 2012,1465 2023,1527 1990,1552 1892,1527 1836,1532 1806,1552 1736,1552 1675,1527 1521,1527 1488,1538 1474,1524 1407,1524 1390,1541 1326,1546 1257,1524 1190,1535 1153,1521 1117,1543 1070,1543 1039,1524 989,1532 978,1521 866,1527 819,1515 755,1524 738,1541 649,1538 629,1518 582,1538"/>
        <Baseline points="581,1514 653,1514 725,1514 797,1514 870,1514 942,1515 1014,1515 1086,1516 1159,1517 1231,1517 1303,1518 1375,1519 1448,1520 1520,1521 1592,1522 1664,1523 1737,1524 1809,1525 1881,1526 1953,1527 2026,1528"/>
        <TextEquiv>
          <Unicode>pour prix de travaux de sa fille zoé. A l&#x27;appel de la</Unicode>
        </TextEquiv>
      </TextLine>

    
    
      <TextLine id="r5l21" >
        <Coords points="565,1582 568,1557 618,1535 660,1557 713,1557 760,1532 794,1532 819,1554 858,1535 958,1535 969,1546 1006,1535 1028,1552 1056,1535 1098,1560 1128,1535 1151,1549 1181,1538 1390,1546 1418,1566 1480,1554 1541,1566 1560,1546 1597,1566 1669,1563 1686,1549 1739,1568 1786,1568 1800,1554 1831,1568 1914,1554 1984,1568 1990,1596 1847,1599 1833,1613 1783,1616 1767,1599 1691,1607 1677,1596 1641,1610 1594,1599 1577,1613 1513,1613 1496,1599 1471,1613 1438,1599 1379,1610 1365,1596 1349,1605 1332,1593 1137,1605 1126,1591 1081,1593 1067,1607 1042,1591 1025,1607 908,1607 891,1593 813,1588 797,1605 705,1605 691,1591 588,1591 568,1602"/>
        <Baseline points="568,1584 639,1585 710,1586 781,1586 852,1587 924,1588 995,1588 1066,1589 1137,1589 1208,1590 1280,1590 1351,1591 1422,1592 1493,1592 1564,1593 1636,1594 1707,1595 1778,1595 1849,1596 1920,1597 1992,1598"/>
        <TextEquiv>
          <Unicode>cause Herbelin représenta et exposa comme ci-dessus.</Unicode>
        </TextEquiv>
      </TextLine>

    
    
      <TextLine id="r5l22" >
        <Coords points="565,1658 576,1607 635,1607 654,1627 694,1627 721,1607 744,1627 788,1616 799,1627 850,1627 894,1607 958,1610 983,1627 1031,1616 1064,1627 1084,1607 1145,1621 1167,1607 1190,1619 1234,1613 1251,1627 1282,1607 1304,1627 1371,1610 1413,1630 1477,1630 1507,1610 1530,1630 1560,1630 1580,1613 1611,1627 1697,1630 1742,1610 1797,1630 1850,1630 1870,1610 1903,1621 1967,1610 2001,1630 2009,1663 1998,1674 1850,1666 1836,1677 1775,1677 1764,1666 1655,1669 1633,1680 1521,1666 1493,1677 1482,1666 1396,1677 1251,1663 1198,1677 1123,1677 1087,1663 997,1677 836,1663 799,1677 758,1663 666,1677 568,1669"/>
        <Baseline points="566,1660 638,1660 710,1661 782,1661 854,1661 927,1661 999,1662 1071,1662 1143,1662 1215,1662 1288,1662 1360,1662 1432,1662 1504,1663 1576,1663 1649,1663 1721,1663 1793,1664 1865,1664 1937,1665 2010,1666"/>
        <TextEquiv>
          <Unicode>De son coté Lasalle se présenta et déclara devoir cette</Unicode>
        </TextEquiv>
      </TextLine>

    
    
      <TextLine id="r5l23" >
        <Coords points="560,1724 565,1702 607,1680 641,1680 666,1702 785,1702 819,1680 852,1680 877,1702 944,1702 969,1688 1022,1702 1050,1680 1109,1680 1131,1702 1248,1688 1287,1705 1332,1691 1365,1705 1399,1685 1443,1697 1460,1683 1544,1683 1569,1705 1619,1694 1666,1705 1686,1685 1708,1705 1778,1705 1806,1683 1831,1683 1884,1705 1906,1683 1992,1683 2015,1699 2034,1685 2040,1730 2023,1755 1984,1733 1942,1733 1906,1755 1861,1755 1839,1736 1747,1736 1733,1747 1691,1738 1672,1755 1574,1755 1541,1736 1510,1736 1493,1752 1471,1736 1429,1747 1354,1733 1340,1747 1321,1736 1304,1747 1220,1733 1178,1752 1153,1736 1128,1747 1114,1733 1039,1730 997,1730 986,1741 956,1733 942,1744 813,1733 774,1752 741,1752 713,1736 563,1736"/>
        <Baseline points="561,1726 635,1727 709,1727 783,1728 857,1729 931,1729 1005,1730 1079,1730 1153,1731 1227,1732 1301,1732 1375,1732 1449,1733 1523,1733 1597,1733 1671,1733 1745,1733 1819,1733 1893,1733 1967,1733 2041,1732"/>
        <TextEquiv>
          <Unicode>somme prenant l&#x27;engagement de la payer par Vingt francs</Unicode>
        </TextEquiv>
      </TextLine>

    
    
      <TextLine id="r5l24" >
        <Coords points="549,1797 554,1752 588,1744 624,1744 654,1772 699,1772 730,1744 758,1763 805,1750 838,1772 900,1772 914,1761 936,1772 967,1744 1039,1744 1053,1755 1095,1744 1165,1744 1176,1755 1245,1744 1265,1763 1287,1755 1309,1775 1357,1775 1376,1755 1401,1775 1650,1775 1677,1761 1697,1772 1767,1747 1853,1747 1898,1775 1937,1752 1970,1775 2001,1775 2006,1802 1998,1819 1970,1805 1923,1805 1870,1825 1833,1825 1806,1805 1742,1805 1722,1819 1708,1805 1669,1805 1619,1819 1594,1811 1538,1822 1519,1808 1482,1825 1371,1825 1360,1814 1309,1819 1229,1805 1206,1816 1156,1802 1039,1814 986,1805 972,1819 961,1808 847,1808 808,1822 588,1802 551,1819"/>
        <Baseline points="550,1798 622,1799 695,1799 768,1800 841,1801 914,1801 987,1802 1060,1802 1133,1802 1206,1803 1279,1803 1351,1803 1424,1803 1497,1804 1570,1804 1643,1804 1716,1804 1789,1804 1862,1804 1935,1804 2008,1804"/>
        <TextEquiv>
          <Unicode>le quatorze et le solde le dix neuf Janvier mil huit cent</Unicode>
        </TextEquiv>
      </TextLine>

    
    
      <TextLine id="r5l25" >
        <Coords points="540,1867 543,1839 599,1814 657,1814 682,1841 763,1841 785,1830 847,1841 866,1822 903,1814 958,1836 1003,1814 1042,1814 1050,1825 1081,1814 1106,1836 1153,1841 1195,1816 1248,1814 1268,1825 1335,1819 1371,1844 1443,1844 1460,1830 1485,1844 1597,1844 1633,1816 1714,1819 1739,1839 1783,1844 1800,1828 1833,1836 1892,1819 1931,1841 2020,1839 2029,1872 2020,1889 1964,1878 1931,1889 1917,1875 1708,1875 1691,1889 1663,1875 1594,1886 1466,1878 1435,1889 1415,1878 1321,1889 1293,1875 1237,1886 1215,1875 1120,1883 1034,1872 997,1872 978,1886 961,1875 916,1886 841,1886 822,1875 774,1886 733,1875 543,1883"/>
        <Baseline points="542,1869 616,1870 690,1871 765,1871 839,1871 914,1872 988,1872 1062,1872 1137,1872 1211,1872 1286,1872 1360,1872 1434,1872 1509,1872 1583,1872 1658,1872 1732,1872 1806,1872 1881,1873 1955,1873 2030,1874"/>
        <TextEquiv>
          <Unicode>soixante dix huit. Lasalle et veuve Voguet n&#x27;ayant</Unicode>
        </TextEquiv>
      </TextLine>

    
    
      <TextLine id="r5l26" >
        <Coords points="546,1942 551,1911 571,1903 671,1911 696,1886 716,1906 744,1892 763,1911 802,1883 827,1883 838,1894 875,1886 903,1911 1061,1911 1087,1900 1128,1911 1148,1897 1173,1908 1187,1894 1212,1911 1240,1911 1273,1892 1301,1914 1385,1886 1418,1886 1435,1903 1463,1886 1666,1886 1697,1914 1725,1894 1778,1903 1811,1886 1906,1886 1939,1911 2043,1914 2048,1947 2040,1964 1981,1964 1964,1947 1775,1947 1753,1964 1716,1964 1700,1947 1544,1947 1519,1959 1463,1947 1376,1964 1346,1953 1301,1961 1279,1947 1226,1961 1145,1961 1134,1950 1100,1961 1075,1947 958,1961 894,1961 883,1950 858,1961 549,1956"/>
        <Baseline points="549,1944 624,1946 699,1946 774,1947 849,1947 924,1947 999,1947 1074,1946 1149,1945 1224,1945 1299,1944 1374,1943 1449,1943 1524,1942 1599,1942 1674,1942 1749,1943 1824,1944 1899,1945 1974,1947 2049,1949"/>
        <TextEquiv>
          <Unicode>rempli leur engagement pris par Lasalle la cause fut renvoyée</Unicode>
        </TextEquiv>
      </TextLine>

    
    
      <TextLine id="r5l27" >
        <Coords points="543,2014 549,1992 604,1967 646,1992 716,1992 746,1967 777,1978 794,1964 827,1964 855,1992 903,1981 981,1992 1008,1967 1034,1992 1123,1992 1148,1975 1206,1992 1234,1967 1265,1992 1332,1986 1360,1970 1429,1970 1468,1984 1491,1967 1521,1992 1555,1992 1602,1964 1661,1964 1705,1992 1808,1964 1875,1992 1920,1964 1987,1964 1992,2014 1987,2028 1948,2034 1906,2017 1831,2031 1814,2017 1689,2028 1669,2020 1624,2034 1519,2034 1477,2020 1449,2034 1429,2020 1399,2031 1337,2023 1318,2034 1293,2023 1231,2031 1190,2020 1006,2034 986,2020 900,2034 869,2023 763,2020 710,2034 590,2023 549,2034"/>
        <Baseline points="545,2016 617,2017 690,2017 762,2017 835,2017 907,2017 980,2017 1052,2017 1125,2017 1197,2017 1270,2016 1342,2016 1415,2016 1487,2015 1560,2015 1632,2015 1705,2015 1777,2015 1850,2015 1922,2015 1995,2015"/>
        <TextEquiv>
          <Unicode>devant le Bureau Général du conseil séant le Jeudi dix sept</Unicode>
        </TextEquiv>
      </TextLine>

    
    
      <TextLine id="r5l28" >
        <Coords points="543,2084 546,2045 571,2028 624,2056 760,2056 777,2039 794,2056 816,2042 841,2053 869,2031 900,2028 995,2028 1039,2056 1084,2056 1128,2028 1162,2028 1201,2053 1229,2039 1315,2053 1365,2028 1388,2028 1407,2048 1457,2028 1510,2028 1538,2056 1599,2056 1636,2028 1719,2028 1736,2042 1755,2034 1778,2056 1853,2045 1867,2056 1917,2056 1948,2034 1990,2028 1998,2081 1990,2101 1962,2090 1939,2106 1917,2087 1845,2087 1831,2101 1781,2087 1736,2106 1641,2106 1611,2087 1460,2090 1435,2103 1296,2087 1282,2098 1195,2090 1173,2101 1142,2090 1126,2106 1000,2106 956,2090 925,2101 847,2090 808,2103 783,2090 772,2101 744,2090 663,2101 576,2090 546,2103"/>
        <Baseline points="544,2085 616,2086 689,2087 762,2088 835,2088 908,2088 980,2088 1053,2087 1126,2086 1199,2086 1272,2085 1344,2084 1417,2083 1490,2082 1563,2082 1636,2081 1708,2081 1781,2081 1854,2082 1927,2082 2000,2083"/>
        <TextEquiv>
          <Unicode>Janvier mil huit cent soixante dix huit. Cités pour le dit</Unicode>
        </TextEquiv>
      </TextLine>

    
    
      <TextLine id="r5l29" >
        <Coords points="565,2156 568,2126 602,2126 618,2112 641,2126 730,2126 774,2103 825,2126 880,2109 905,2109 925,2126 953,2112 981,2126 995,2115 1020,2126 1145,2126 1173,2106 1201,2126 1231,2126 1257,2103 1499,2103 1555,2117 1571,2103 1638,2103 1666,2126 1722,2126 1758,2103 1781,2126 1831,2106 1861,2126 1895,2112 1937,2126 1978,2103 2001,2123 2023,2123 2031,2154 2023,2165 1984,2159 1973,2170 1956,2156 1705,2156 1638,2170 1605,2156 1588,2170 1577,2159 1527,2156 1516,2168 1449,2162 1435,2173 1393,2159 1376,2176 1312,2162 1245,2162 1231,2173 1156,2165 1139,2176 1067,2176 1050,2162 972,2162 942,2176 916,2162 872,2176 755,2176 744,2165 682,2176 635,2159 568,2176"/>
        <Baseline points="567,2157 640,2159 713,2161 787,2161 860,2161 933,2161 1007,2161 1080,2160 1153,2159 1227,2157 1300,2156 1373,2155 1447,2154 1520,2153 1593,2152 1667,2152 1740,2152 1813,2152 1887,2153 1960,2154 2034,2156"/>
        <TextEquiv>
          <Unicode>jour dix sept Janvier par lettre du secrétaire du conseil en</Unicode>
        </TextEquiv>
      </TextLine>

    
    
      <TextLine id="r5l30" >
        <Coords points="543,2229 546,2201 599,2179 624,2195 657,2179 685,2201 738,2190 749,2201 947,2201 969,2181 1008,2201 1022,2190 1042,2201 1153,2201 1259,2173 1393,2176 1429,2195 1466,2173 1502,2173 1527,2190 1549,2173 1605,2173 1636,2198 1680,2184 1708,2198 1742,2179 1764,2187 1792,2173 1842,2173 1867,2187 1892,2173 1992,2173 2006,2181 2015,2229 1978,2248 1931,2232 1488,2232 1427,2254 1376,2254 1351,2234 1337,2243 1273,2232 1198,2246 1170,2237 1142,2254 1064,2254 1047,2240 1008,2251 995,2237 958,2240 944,2254 894,2237 864,2254 805,2254 763,2237 738,2254 668,2240 546,2254"/>
        <Baseline points="545,2231 618,2234 692,2236 765,2238 839,2238 913,2239 986,2238 1060,2237 1133,2236 1207,2234 1281,2233 1354,2231 1428,2229 1501,2228 1575,2227 1649,2226 1722,2226 1796,2226 1869,2228 1943,2229 2017,2232"/>
        <TextEquiv>
          <Unicode>date du quinze Janvier mil huit cent soixante-dix huit à la</Unicode>
        </TextEquiv>
      </TextLine>

    
    
      <TextLine id="r5l31" >
        <Coords points="551,2304 563,2248 582,2262 643,2268 668,2243 710,2262 766,2243 791,2268 850,2268 877,2243 908,2243 933,2268 956,2268 1042,2243 1067,2268 1229,2268 1257,2243 1296,2240 1332,2259 1351,2251 1390,2265 1491,2265 1521,2240 1661,2240 1677,2251 1783,2240 1850,2265 1886,2262 1900,2248 1931,2265 2043,2262 2051,2299 2015,2315 1967,2301 1875,2315 1783,2315 1755,2301 1680,2301 1658,2312 1535,2301 1516,2315 1466,2315 1449,2301 1226,2304 1204,2318 1173,2307 1151,2318 1103,2307 1047,2307 1036,2318 847,2307 774,2318 624,2318 593,2304 574,2318 554,2312"/>
        <Baseline points="552,2305 627,2306 702,2306 777,2306 852,2306 927,2305 1002,2304 1077,2303 1152,2301 1227,2300 1303,2299 1378,2298 1453,2297 1528,2296 1603,2295 1678,2295 1753,2295 1828,2296 1903,2297 1978,2299 2054,2301"/>
        <TextEquiv>
          <Unicode>requête de Herbelin Lasalle et veuve Voguet ne comparurent</Unicode>
        </TextEquiv>
      </TextLine>

    
    
      <TextLine id="r5l32" >
        <Coords points="537,2379 540,2343 576,2318 596,2318 624,2346 763,2343 788,2318 858,2318 891,2346 964,2346 992,2324 1006,2335 1028,2324 1059,2343 1092,2315 1128,2343 1198,2343 1231,2321 1259,2326 1279,2315 1323,2315 1346,2329 1376,2321 1396,2335 1427,2315 1468,2332 1488,2321 1513,2340 1541,2312 1611,2312 1633,2329 1647,2315 1728,2335 1750,2326 1778,2340 1917,2340 1967,2315 1995,2326 2020,2310 2045,2310 2054,2371 2017,2393 1861,2371 1831,2382 1772,2374 1761,2385 1730,2371 1708,2382 1689,2371 1630,2382 1619,2371 1558,2385 1544,2374 1507,2396 1449,2396 1429,2377 1212,2377 1106,2390 1089,2379 1036,2379 905,2399 585,2382 568,2399 540,2399"/>
        <Baseline points="538,2380 613,2381 689,2381 765,2381 841,2380 917,2379 993,2378 1068,2376 1144,2375 1220,2374 1296,2372 1372,2371 1448,2370 1524,2369 1599,2368 1675,2368 1751,2368 1827,2368 1903,2370 1979,2371 2055,2374"/>
        <TextEquiv>
          <Unicode>pas. A l&#x27;appel de la cause Herbelin se présenta et conclut à</Unicode>
        </TextEquiv>
      </TextLine>

    
    
      <TextLine id="r5l33" >
        <Coords points="543,2455 546,2418 576,2404 613,2418 663,2418 677,2407 696,2418 752,2396 830,2404 850,2418 947,2416 989,2393 1028,2416 1126,2416 1145,2396 1176,2390 1287,2390 1346,2413 1365,2396 1382,2413 1415,2413 1446,2399 1499,2410 1521,2393 1538,2407 1655,2393 1672,2407 1736,2410 1814,2385 1906,2385 1920,2399 2054,2393 2073,2441 2062,2457 2012,2443 1895,2457 1850,2441 1825,2457 1755,2460 1716,2443 1644,2446 1613,2460 1513,2443 1471,2446 1452,2463 1429,2446 1401,2460 1365,2449 1326,2463 1218,2446 1142,2460 1117,2449 1092,2463 992,2452 925,2463 905,2452 894,2466 858,2457 836,2468 785,2457 755,2468 713,2457 613,2468 582,2455 549,2468"/>
        <Baseline points="546,2456 622,2455 698,2454 775,2453 851,2452 928,2450 1004,2449 1081,2447 1157,2446 1234,2444 1310,2443 1386,2442 1463,2441 1539,2440 1616,2439 1692,2439 1769,2439 1845,2439 1922,2440 1998,2441 2075,2443"/>
        <TextEquiv>
          <Unicode>ce qu&#x27;il plut au Bureau Général du conseil donner défaut contre</Unicode>
        </TextEquiv>
      </TextLine>

    
    
      <TextLine id="r5l34" >
        <Coords points="512,2527 515,2491 540,2471 635,2471 657,2494 699,2471 746,2494 785,2480 950,2491 975,2468 1011,2466 1070,2477 1087,2468 1103,2485 1148,2466 1220,2466 1243,2488 1265,2488 1309,2471 1329,2485 1379,2485 1410,2466 1429,2485 1496,2463 1513,2474 1569,2466 1602,2477 1619,2460 1663,2460 1700,2482 1839,2480 1884,2457 1914,2480 2031,2480 2040,2510 2012,2530 1864,2513 1842,2530 1792,2533 1764,2533 1747,2516 1686,2516 1624,2519 1608,2533 1516,2533 1499,2519 1326,2519 1298,2533 1231,2521 1187,2535 1092,2521 1042,2535 1025,2521 983,2541 956,2527 864,2541 783,2530 735,2544 680,2533 660,2544 582,2544 565,2530 515,2535"/>
        <Baseline points="515,2530 591,2529 667,2528 744,2527 820,2526 897,2524 973,2522 1049,2520 1126,2519 1202,2517 1279,2515 1355,2513 1431,2512 1508,2511 1584,2510 1661,2509 1737,2509 1813,2510 1890,2510 1966,2511 2043,2513"/>
        <TextEquiv>
          <Unicode>Lasalle et veuve Voguet non comparant ni personne pour eux</Unicode>
        </TextEquiv>
      </TextLine>

    
    
      <TextLine id="r5l35" >
        <Coords points="523,2591 537,2538 576,2538 613,2563 774,2563 791,2549 813,2563 908,2563 930,2549 967,2560 992,2538 1022,2535 1142,2535 1167,2552 1273,2535 1301,2560 1354,2560 1399,2535 1438,2552 1468,2535 1524,2533 1546,2533 1571,2555 1611,2535 1661,2558 1714,2533 1778,2555 1856,2558 1884,2541 1937,2558 1967,2535 2029,2530 2040,2583 2017,2597 1906,2586 1847,2597 1761,2583 1669,2583 1655,2597 1622,2583 1438,2597 1415,2586 1376,2613 1337,2586 1284,2599 1231,2588 1195,2605 1178,2588 1151,2599 1042,2594 1000,2616 836,2616 822,2605 774,2613 749,2599 671,2613 627,2599 588,2616 526,2616"/>
        <Baseline points="526,2593 601,2594 677,2595 753,2595 829,2594 905,2593 981,2592 1056,2591 1132,2589 1208,2587 1284,2586 1360,2584 1436,2582 1512,2581 1587,2580 1663,2579 1739,2579 1815,2580 1891,2581 1967,2582 2043,2585"/>
        <TextEquiv>
          <Unicode>Quoique dument appelés et pour le profit les condamner à lui</Unicode>
        </TextEquiv>
      </TextLine>

    
    
      <TextLine id="r5l36" >
        <Coords points="546,2666 549,2633 638,2608 660,2608 691,2633 741,2633 760,2619 785,2633 811,2616 875,2633 1042,2622 1075,2630 1106,2605 1192,2605 1209,2622 1279,2630 1309,2602 1357,2602 1371,2616 1399,2602 1424,2627 1482,2613 1521,2625 1563,2602 1650,2627 1700,2599 1755,2599 1789,2622 1806,2605 1822,2616 1895,2608 1912,2625 1978,2625 2017,2599 2048,2625 2062,2622 2070,2655 2040,2666 1683,2655 1669,2669 1627,2669 1616,2658 1307,2658 1270,2672 1042,2661 919,2675 549,2675"/>
        <Baseline points="549,2668 625,2668 701,2668 777,2667 853,2666 929,2664 1005,2662 1082,2660 1158,2658 1234,2656 1310,2654 1386,2652 1462,2651 1538,2650 1615,2649 1691,2649 1767,2649 1843,2650 1919,2652 1995,2654 2072,2658"/>
        <TextEquiv>
          <Unicode>payer solidairement la somme des quarante un francs cinquante</Unicode>
        </TextEquiv>
      </TextLine>

    
    
      <TextLine id="r5l37" >
        <Coords points="551,2730 554,2697 610,2672 688,2694 727,2680 749,2697 864,2694 897,2672 939,2697 958,2680 981,2694 1022,2683 1036,2697 1053,2686 1070,2697 1201,2697 1218,2680 1245,2697 1293,2697 1326,2694 1354,2669 1396,2680 1440,2669 1482,2694 1524,2694 1569,2672 1652,2689 1686,2669 1750,2669 1761,2680 1817,2669 1831,2683 1856,2669 1923,2669 1967,2672 1995,2694 2029,2672 2037,2725 2020,2744 1970,2744 1951,2728 1903,2744 1775,2744 1755,2725 1493,2725 1480,2739 1438,2725 1382,2736 1223,2730 1201,2747 1139,2733 1100,2747 1053,2736 995,2747 969,2736 866,2736 852,2747 783,2747 772,2736 744,2747 554,2739"/>
        <Baseline points="554,2732 628,2733 702,2734 776,2734 851,2733 925,2732 999,2731 1073,2730 1148,2728 1222,2726 1296,2724 1370,2722 1445,2721 1519,2719 1593,2719 1667,2718 1742,2718 1816,2719 1890,2720 1964,2723 2039,2726"/>
        <TextEquiv>
          <Unicode>Centimes qu&#x27;ils lui doivent pour salaire de sa fille zoé, plus,</Unicode>
        </TextEquiv>
      </TextLine>

    
    
      <TextLine id="r5l38" >
        <Coords points="540,2800 543,2758 576,2747 607,2756 649,2744 668,2758 710,2744 730,2764 755,2750 772,2767 808,2767 858,2744 916,2753 930,2742 967,2764 1056,2758 1073,2742 1106,2758 1123,2747 1139,2764 1282,2764 1298,2747 1312,2761 1357,2747 1396,2753 1413,2739 1471,2739 1491,2758 1513,2739 1571,2758 1619,2739 1661,2761 1725,2736 1744,2736 1767,2758 1909,2758 1953,2736 1995,2758 2040,2744 2051,2789 1942,2795 1900,2811 1873,2795 1842,2795 1825,2811 1750,2811 1730,2795 1694,2795 1663,2814 1624,2814 1608,2800 1521,2814 1491,2797 1290,2797 1251,2814 1201,2800 1181,2817 1134,2814 1120,2800 1100,2817 1039,2817 1020,2806 975,2814 958,2800 877,2817 543,2817"/>
        <Baseline points="542,2802 617,2804 693,2804 768,2804 844,2803 919,2802 995,2801 1070,2799 1146,2797 1221,2794 1297,2792 1373,2790 1448,2788 1524,2787 1599,2785 1675,2785 1750,2785 1826,2785 1901,2786 1977,2788 2053,2791"/>
        <TextEquiv>
          <Unicode>telle indemnité qu&#x27;il plaira au conseil fixer pour perte de</Unicode>
        </TextEquiv>
      </TextLine>

    
    
      <TextLine id="r5l39" >
        <Coords points="540,2875 543,2834 588,2817 627,2839 657,2822 696,2839 766,2839 783,2825 802,2839 847,2839 883,2822 900,2834 925,2814 1003,2828 1039,2817 1075,2836 1220,2836 1251,2814 1293,2825 1304,2811 1357,2822 1368,2811 1477,2811 1532,2828 1574,2811 1622,2811 1650,2834 1686,2808 1747,2808 1775,2831 1797,2820 1811,2831 2043,2831 2051,2864 2043,2875 1892,2875 1831,2861 1708,2873 1694,2861 1675,2878 1630,2864 1468,2864 1449,2875 1298,2864 1173,2881 1061,2870 1025,2881 543,2884"/>
        <Baseline points="541,2877 616,2877 692,2876 767,2875 843,2874 918,2872 994,2870 1069,2868 1145,2866 1220,2864 1296,2862 1372,2860 1447,2859 1523,2858 1598,2857 1674,2857 1749,2857 1825,2858 1900,2860 1976,2863 2052,2867"/>
        <TextEquiv>
          <Unicode>temps devant les Bureaux du conseil et les dépens — Point</Unicode>
        </TextEquiv>
      </TextLine>

    
    
      <TextLine id="r5l40" >
        <Coords points="537,2942 540,2912 607,2912 641,2889 671,2903 691,2884 741,2912 802,2889 830,2900 858,2881 894,2881 942,2903 972,2884 995,2906 1100,2909 1184,2898 1195,2906 1209,2895 1270,2906 1309,2878 1435,2875 1580,2875 1602,2895 1641,2875 1661,2889 1711,2875 1728,2892 1755,2873 1806,2873 1822,2889 1839,2881 1881,2900 2048,2898 2056,2928 2020,2945 1973,2945 1959,2934 1934,2945 1836,2945 1820,2934 1808,2945 1716,2948 1680,2934 1650,2948 1622,2937 1594,2948 1580,2934 1463,2945 1438,2934 1360,2937 1343,2951 1139,2937 1067,2953 992,2953 964,2939 944,2953 866,2942 836,2956 540,2956"/>
        <Baseline points="538,2944 617,2944 697,2944 777,2943 857,2941 937,2940 1017,2938 1097,2936 1177,2934 1257,2932 1337,2930 1417,2929 1497,2927 1577,2926 1657,2925 1737,2925 1817,2926 1897,2927 1977,2928 2057,2931"/>
        <TextEquiv>
          <Unicode>de Droit = Doit on donner défaut contre Lasalle et veuve</Unicode>
        </TextEquiv>
      </TextLine>

    
    
      <TextLine id="r5l41" >
        <Coords points="546,3015 549,2981 666,2981 680,2967 825,2981 880,2965 900,2978 939,2978 967,2962 1045,2967 1137,2948 1237,2948 1251,2962 1287,2953 1318,2973 1335,2956 1349,2965 1374,2948 1443,2956 1463,2945 1482,2945 1513,2970 1549,2953 1580,2970 1608,2945 1630,2945 1666,2967 1725,2973 1758,2951 1783,2970 1845,2970 1895,2945 1942,2970 2020,2956 2040,3001 2026,3015 1978,3004 1917,3015 1850,2998 1767,3009 1753,2998 1694,3009 1669,2998 1619,3009 1605,2998 1505,2998 1482,3009 1460,2998 1438,3001 1421,3020 1371,3020 1349,3004 1254,3015 1204,3004 1181,3020 1165,3004 1092,3017 1073,3009 1061,3020 1014,3012 1003,3023 869,3012 549,3026"/>
        <Baseline points="549,3016 623,3015 698,3013 772,3012 847,3010 922,3008 996,3005 1071,3003 1146,3001 1220,3000 1295,2998 1370,2996 1444,2995 1519,2994 1594,2994 1668,2994 1743,2994 1818,2995 1892,2997 1967,2999 2042,3003"/>
        <TextEquiv>
          <Unicode>Voguet non comparants ni personne pour eux quoique dument</Unicode>
        </TextEquiv>
      </TextLine>

    
    
      <TextLine id="r5l42" >
        <Coords points="543,3084 546,3048 576,3034 615,3048 641,3026 654,3037 674,3020 688,3034 735,3034 760,3020 813,3048 861,3026 883,3048 936,3048 975,3020 997,3034 1031,3023 1064,3043 1098,3020 1128,3045 1198,3031 1215,3040 1226,3029 1351,3045 1374,3026 1427,3043 1471,3017 1535,3017 1583,3037 1627,3015 1683,3015 1694,3026 1714,3015 1792,3015 1842,3043 1881,3043 1892,3031 1917,3043 1953,3017 2006,3043 2068,3040 2076,3076 2004,3093 1984,3076 1962,3087 1942,3073 1811,3084 1753,3068 1714,3082 1697,3068 1468,3070 1446,3082 1390,3070 1315,3073 1262,3090 1240,3070 1209,3084 1192,3073 1148,3087 1075,3079 1042,3104 900,3104 880,3087 827,3093 816,3082 741,3095 680,3084 646,3104 549,3104"/>
        <Baseline points="545,3087 621,3086 698,3085 774,3084 851,3082 928,3080 1004,3078 1081,3076 1158,3074 1234,3072 1311,3070 1388,3068 1464,3067 1541,3066 1618,3065 1694,3066 1771,3067 1848,3068 1924,3071 2001,3074 2078,3078"/>
        <TextEquiv>
          <Unicode>appelés et pour le profit adjuger au demandeur les conclusions</Unicode>
        </TextEquiv>
      </TextLine>

    
    
      <TextLine id="r5l43" >
        <Coords points="549,3154 551,3112 682,3112 707,3090 749,3107 799,3082 866,3084 911,3112 1039,3112 1078,3093 1126,3107 1165,3084 1220,3112 1273,3112 1323,3087 1351,3112 1421,3079 1485,3079 1530,3107 1602,3079 1658,3079 1694,3095 1753,3079 1792,3101 1833,3079 1990,3079 2009,3095 2026,3087 2087,3104 2098,3154 2034,3154 1981,3187 1884,3187 1828,3148 1811,3157 1775,3146 1736,3160 1708,3146 1605,3146 1541,3168 1510,3146 1429,3146 1393,3171 1343,3146 1315,3146 1279,3171 1245,3146 1170,3160 1151,3148 1131,3165 1117,3154 1075,3187 1011,3187 975,3157 964,3165 936,3154 864,3154 830,3185 788,3168 752,3187 629,3187 590,3160 551,3176"/>
        <Baseline points="550,3157 627,3157 704,3156 782,3155 859,3153 937,3151 1014,3149 1092,3147 1169,3144 1247,3143 1324,3141 1401,3139 1479,3138 1556,3137 1634,3137 1711,3138 1789,3139 1866,3142 1944,3146 2021,3151 2099,3157"/>
        <TextEquiv>
          <Unicode>par lui précèdemment prises ? Que doit-il être statué à l&#x27;égard </Unicode>
        </TextEquiv>
      </TextLine>

    
    </TextRegion>
    
  </Page>
</PcGts>
