2349 3376
712 87 2256 227 secrétaire du conseil en date du quatorze Janvier mil huit cent
723 157 2247 292 soixante dix huit à la requête de Albers Comtat ne
735 241 2261 385 comparut pas. A l'appel de la cause Albers se présenta et
706 315 2261 441 conclut à ce qu'il plut au Bureau Général du conseil donner défaut
715 396 2253 517 contre Comtat non comparant ni personne pour lui quoique dument
726 481 2244 599 appelé et pour le profit le condamner à lui payer avec intérêts
718 559 2261 669 suivant la loi la somme de quatre vingt onze francs qu'il lui doit
712 635 2258 731 pour salaire, plus, telle indemnité qu'il plaira au conseil
706 720 2222 813 fixer pour perte de temps devant les Bureaux du conseil et les
715 787 2272 891 dépens. Point de droit = Doit-on donner défaut contre Comtat
706 880 2253 967 non comparant ni personne pour lui quoique dument appelé
721 945 2239 1038 et pour le profit adjuger au demandeur les conclusions par
698 1015 2233 1102 lui précèdemment prises ? Que doit il être statué à l'égard
723 1094 2236 1167 des dépens ? Après avoir entendu Albers en ses demandes
729 1167 2244 1232 et conclusions et en avoir délibéré conformément à la loi ;
698 1235 2230 1319 Attendu que la demande d'Albers parait juste et fondée ;
681 1316 2261 1386 Que d'ailleurs elle n'est pas contestée par Comtat non comparant
704 1384 2256 1479 ni personne pour lui quoique dument appelé ; Attendu
692 1468 2230 1552 qu'on ne comparaissant pas devant les Bureaux du Conseil
692 1530 2233 1626 Comtat a causé à Albers un préjudice de perte de
667 1589 2256 1707 temps, ce qu'il doit réparer ; Par ces motifs = Le Bureau Général
695 1671 2258 1763 jugeant en dernier ressort ; Vu l'article quarante un du décret
681 1744 2247 1839 du onze Juin mil huit cent neuf portant réglement pour les
687 1806 2239 1927 Conseil de Prud'hommes ; Donne défaut contre Comtat
687 1899 2236 2005 non comparant ni personne pour lui quoique dument
687 1955 2250 2093 appelé ; Et adjugeant le profit du dit défaut ; Condamne
647 2022 2219 2166 Comtat à payer avec intérêts suivant la loi à Albers
664 2107 2253 2242 la somme de quatre vingt onze francs qu'il lui doit pour
678 2180 2261 2318 salaire plus une indemnité de six francs pour temps perdu ;
622 2259 2244 2391 Le condamne en outre aux dépens taxés et liquidés envers
667 2332 2253 2470 le demandeur à la somme de un franc, et à celle due au
675 2402 2247 2540 Trésor Public pour le papier timbré de la présente minute,
675 2475 2261 2616 Conformément à la loi du sept août mil huit cent cinquante,
673 2548 2267 2700 ence, non compris le coût du présent jugement, la signification
684 2622 2258 2773 d'icelui et ses suites ; Et vu les articles 437 du code de procédure
661 2700 2227 2838 civile, 27 et 42 du décret du onze Juin 1809, pour signifier
670 2759 2253 2928 au défendeur le présent jugement, commet Minaud, l'un
673 2841 2247 3027 de ses huissiers audienciers. Ainsi jugé les jour mois et
698 2987 1120 3094 an que dessus.
698 3114 1360 3207 lecucq secrétaire
