2175 3328
557 133 2027 221 dument appelé et pour le profit le condamner à lui payer avec
549 205 2027 305 intérêts suivant la loi la somme de quarante francs pour pareille
577 285 1991 371 somme qu'il lui a fait perdre en le congédiant au moment des
80 241 518 391 plus à lui payer
588 354 2047 440 Etrennes et le condamner aux dépens. Point de droit = Doit-on
94 318 543 440 telle indemnité qu'il
579 435 1983 524 donner défaut Contre Auguste Ollivier non comparant ni
94 379 527 518 plaira au Conseil
88 463 532 585 fixer pour perte de
593 515 1983 607 personne pour lui quoique dument appelé et pour le profit
97 538 477 682 temps devant les
582 601 1983 665 adjuger au demandeur les conclusions par lui précèdemment
80 626 532 737 Bureaux du conseil
579 662 1947 751 prises ? Que doit il être statué à l'égard des dépens ?
124 696 499 804 Envoi approuvé
574 737 1991 818 Après avoir entendu Autin en ses demandes et conclusions et
560 815 1953 895 en avoir délibéré conformément à la loi ; attendu que la
568 884 1961 959 d'Autin parait juste et fondée ; que d'ailleurs elle n'est
552 956 2005 1034 pas contestée par auguste Ollivier non comparant ni personne
113 995 393 1070 Lecucq
546 1023 2002 1114 pour lui quoique dument appelé ; Attendu qu'en ne comparaissant
532 1098 1986 1184 pas devant les Bureaux du conseil Auguste Ollivier a causé
563 1167 1989 1259 à Autin un préjudice de perte de temps, ce qu'il doit réparer ;
549 1242 1989 1320 Par ces motifs = Le Bureau Général jugeant en dernier ressort ;
532 1309 2008 1394 Vu l'article quarante un du décret du onze Juin, mil huit cent neuf
546 1381 2008 1472 portant règlement pour les conseils de Prud'hommes ; Donne
560 1453 2008 1547 défaut contre Auguste Ollivier non comparant ni personne
560 1519 1986 1619 pour lui quoique dument appelé ; Et adjugeant le profit du
560 1583 1980 1686 dit défaut ; Condamne Auguste Ollivier à payer avec
571 1658 1994 1758 intérêts suivant la loi à Autin la somme de quarante francs
560 1725 1964 1838 à titre de réparation du dommage qu'il lui a causé en le
560 1799 1991 1902 congédiant au moment des Etrennes, plus celle de dix francs
543 1863 1955 1980 pour temps perdu devant les Bureaux du conseil ; Le
552 1935 1950 2046 Condamne en outre aux dépens taxés et liquidés envers le
549 2005 1986 2124 demandeur à la somme de un franc, et à celle dûe au Trésor
552 2077 1972 2190 Public, pour le papier timbré de la présente minute, conformément
560 2157 1941 2271 à la loi du sept août mil huit cent cinquante, ence, non
552 2218 1983 2349 compris le coût du présent jugement, la signification d'icelui et
554 2279 1980 2415 ses suites. Et vu les articles 437 du code de procédure civile,
552 2354 1972 2482 27 et 42 du décret du onze Juin 1804 pour signifier au défendeur
568 2429 1953 2551 le présent jugement, commet Minaud, l'un de ses huissiers
574 2507 1889 2640 audienciers. Ainsi jugé les jour mois et an que dessus.
676 2665 1215 2753 Lecucq secrétaire
