2304 3360
1014 86 1967 162 Dudit jour dix Janvier
689 148 2186 260 Entre Monsieur Haranger, Maître tailleur d'habits,
669 238 2233 341 demeurant à Paris, rue du temple, numéro cent quatre vingt un ;
655 308 2228 414 Demandeur ; Comparant ; D'une part ; Et Monsieur Emile
661 378 2231 492 henri Laignez, ouvrier coupeur d'habits, demeurant à Paris,
664 462 2239 571 rue de la Montagne Sainte Geneviève, numéro six. Défedeur ;
681 534 2233 641 Comparant ; D'autre part ; Point de fait = Par lettre du
655 613 2236 708 secrétaire du conseil de Prud'hommes du Département de la Seine
669 688 2233 772 pour l'industrie des tissus en date du Lundi trois Décembre mil
658 764 2225 854 huit cent soixante dix huit Lainiez fit citer haranger à
658 831 2236 918 comparaître par devant le dit conseil de Prud'hommes séant en
647 912 2225 988 Bureau Particulier le Mardi quatre Décembre mil huit cent
650 985 2236 1064 soixante dix sept pour se concilier si faire se pouvait sur la
669 1064 2247 1139 demande qu'il entendait former contre lui devant le dit Conseil
661 1139 2247 1215 en délai Congé comme l'usage, sinon paiement de la somme
661 1215 2239 1299 de deux Cents francs pour lui en tenir lieu. A l'appel de la cause
644 1285 2242 1358 Luiniez se présenta et exposa comme cidessus. De son coté
644 1358 2253 1428 haranger se présenta et après quelques observations sur la tenue
641 1419 2222 1506 qu'il désirait voir tenir à l'avenir par Lainiez chez lui dit
650 1503 2242 1576 qu'il était tout disposé à lui laisser un mois pour se pourvoir
658 1570 2242 1640 de travail et qu'il n'avait qu'à rentrer et reprendre son travail.
627 1638 2242 1716 Sur cette déclaration Laigniez rentra et repris son travail.
627 1713 2250 1797 Par lettre du secrétaire du Conseil de Prud'hommes séant même
630 1786 2250 1870 Conseil en date du vingt quatre Décembre mil huit cent soixante
639 1856 2247 1948 dix sept, haranger fit citer Laigniez à comparaître par devant
647 1932 2233 2021 le Bureau Particulier séant ce Vendredi vingt huit Décembre
630 2004 2233 2088 mil huit cent soixante dix sept et vendredi quatre Janvier
625 2066 2231 2164 mil huit cent soixante dix huit pour se concilier si faire
636 2142 2228 2248 se pouvait sur la demande qu'il entendait former contre
630 2231 2211 2321 lui en paiement de la somme de deux cents francs à
602 2304 2242 2399 titre d'indemnité pour n'avoir pas travaillé tonmais
630 2377 2247 2478 en exécution de la convention prise devant le Bureau
616 2455 2177 2545 Particulier du quatre Décembre dernier. Laigniez
611 2522 2225 2620 n'ayant pas comparu la cause fut renvoyée devant
639 2595 2214 2688 le Bureau Général du conseil séant le Jeudi dix
608 2665 2225 2763 Janvier mil huit cent soixante dix huit ; cité pour
613 2732 2247 2836 le dit jour dix Janvier par lettre du secrétaire du conseil
599 2805 2177 2903 en date du quatre Janvier mil huit cent soixante dix huit
597 2878 2247 2982 Laigniez comparut. A l'appel de la cause haranger
611 2945 2250 3071 se présenta et conclut à ce qu'il plut au Bureau Général
633 3018 2222 3147 attendu que Laigniez qui l'avait appeler devant le
641 3096 2205 3217 Bureau Particulier du vingt huit Décembre mil
