2273 3360
980 193 1807 277 Dudit jour Vingt quatre Janvier
571 254 2074 358 Entre Monsieur Maison (humberd) demeurant à Paris, rue
577 347 2048 431 de la chapelle, numéro quatre vingt sept, agissant au nom et
577 411 2040 504 comme administrateur de la personne et des biens de son fils
563 490 2082 579 mineur Louis, ouvrier fleuriste ; Demandeur ; Comparant ; D'une
557 562 2082 674 part ; Et Monsieur Grandguerry, fabricant de fleurs artificielles,
560 652 2099 730 demeurant et domicilié à Paris, rue de Paradis-Poissonnière, numéro
552 711 2088 823 six ; Défendeur ; Comparant ; D'autre part ; Point de fait = Par lettres
568 792 2054 879 du secrétaire du conseil de Prud'hommes du Département de la
560 865 2017 960 Seine pour l'industrie des Tissus en dates des Lundi quatorze et
554 938 2023 1027 Mardi quinze Janvier mil huit cent soixante dix huit Maison fit
557 1005 2031 1100 citer Grandquerry à comparaître par devant le dit conseil de
549 1083 2048 1170 Prud'hommes séant en Bureaux Particuliers les Mardi quinze et
549 1156 2009 1248 Vendredi dix huit Janvier mil huit cent soixante dix huit pour se
552 1237 2048 1316 concilier si faire se pouvait sur la demande qu'il entendait former
543 1304 2017 1388 contre lui devant le dit conseil en paiement de la somme de
543 1369 1984 1467 quarante francs pour le salaire d'un mois de son fils Louis.
532 1439 2012 1537 Grandguerry n'ayant pas comparu la cause fut renvoyée devant le
532 1506 2023 1607 Bureau Général du conseil séant le Jeudi Vingt quatre Janvier
526 1584 2051 1671 mil huit cent soixante dix huit. Cité pour le dit jour vingt-quatre
543 1654 2001 1744 Janvier par lettre du secrétaire du conseil en date du dix
546 1722 1995 1814 neuf Janvier mil huit cent soixante dix huit à la requête de
524 1786 1981 1887 Maison Grandguerry comparut. A l'appel de la cause
504 1867 1998 1960 Maison se présenta et conclu à ce qu'il plut au Bureau Général
532 1929 1978 2030 du Conseil condamner Grandguerry à lui payer avec intérêts
532 2007 1992 2097 suivant la loi la somme de quarante francs pour le salaire
535 2080 1998 2172 de son fils Louis, plus, telle indemnité qu'il plaira au conseil
518 2144 1967 2237 fixer pour perte de temps devant les Bureaux du conseil et les
521 2214 2003 2301 dépens. De son coté Grandguerry se présenta et conclut à ce
515 2282 1992 2374 qu'il plut au Bureau Général du conseil attendu que le jeune
524 2363 1959 2441 Maison qui était entré chez lui au mois à raison de quarante
493 2424 2012 2514 francs par mois, qu'il lui devait effectivement du le salaire d'un
510 2494 2017 2581 mois et l'avait rempli son mois exactement et s'il n'avait perdu
529 2567 1989 2654 un objet qu'il doit payer ainsi qu'un carreau de vitre qu'il a
535 2629 2006 2721 cassé ; Que déduction faite des pertes de temps, du prix de
540 2704 1961 2783 l'objet perdu (un oiseau de Paradis), du prix de carreau
518 2766 1961 2850 cassé il ne lui reste dû que seize francs quatre vingt
526 2822 1992 2914 dix centimes, qu'il offre payer cette somme à la Barre du
512 2898 1961 2982 Conseil ; Par ces motifs = Dire Maison non recevable en sa
526 2962 1942 3060 demande, l'en déboute et le condamne aux dépens. Point
529 3035 2006 3119 de droit = Doit-on condamner Grandguerry à payer à Maison
518 3096 1995 3214 la somme de quarante francs pour salaire d'un mois de son fils
