2126 3376
509 109 2024 211 des dépens ? Après avoir entendu Herbelin en ses demandes et
495 196 2049 298 conclusions et en avoir délibéré conformément à la loi ; Attendu
509 272 2047 362 que la demande d'Herbelin est juste et fondée puisque Lasalle
512 343 2049 436 a reconnu devoir la somme reclamée. Que d'ailleurs elle n'est
501 410 2049 523 pas contestée par Lasalle et Voguet non comparants ni
498 509 2035 602 personne pour eux quoique dument appeles ; Attendu que
489 576 2041 658 Lasalle et compagnie ont causé à Herbelin un préjudice
495 655 2055 737 de perte de temps, ce qu'ils doivent réparer ; Par ces motifs -
492 725 2049 801 Le Bureau Général jugeant en dernier ressort ; Vu l'article quarant
489 796 2049 874 un du décret du onze juin mil huit cent neuf, portant règlement
492 869 2052 948 pour les conseils de Prud'hommes ; Donne défaut contre Lasall
489 950 2047 1024 et veuve Voguet non comparants ni personne pour eux quoique
506 1012 2049 1100 dument appelés ; Et adjugeant le profit du dit défaut ; condamne
467 1088 2049 1175 Lasalle et veuve Voguet non comparants ni personne pour eux
484 1164 2016 1254 quoique dument appelés ; Et adjugeant le profit du dit défaut ;
484 1237 2030 1319 Condamne Lasalle et veuve Voguet à payer solidairement
487 1308 2055 1389 et avec intérêts suivant la loi à Herbelin la somme de quarante
489 1384 2052 1457 un francs cinquante centimes qu'ils lui doivent pour prix de
475 1448 2049 1544 travaux de sa fille Zoé, plus une indemnité de trois francs pour
475 1524 2038 1617 temps perdu ; Les condamne en outre solidairement aux dépens
467 1595 2047 1688 taxés et liquidés envers le demandeur à la somme de un franc, et à
470 1665 2041 1758 celle due au Trésor Public, pour le papier timbré de la présente
470 1744 2044 1834 minute, conformément à la loi du sept août mil huit cent soixante
478 1811 2024 1904 ence, non compris le coût du présent jugement, la signification
470 1882 2041 1980 d'icelui et ses suites. Et vu les articles 437 du code de procédure
484 1963 2035 2048 civile, 27 et 42 du décret du onze Juin 1809, pour signifier
487 2034 2038 2126 aux défendeurs le présent jugement, commet Minaud, l'un de
453 2112 2038 2222 ses huissiers audienciers. Ainsi jugé les jour mois et an que
458 2185 616 2309 dessus.
461 2343 1075 2419 Lecucq secrétaire
661 2773 1827 2863 — Dudit jour dix sept Janvier —
456 2824 1982 2928 Entre Monsieur Dulont, ouvrier tailleur d'habits
447 2906 2024 3007 demeurant à Paris, rue Simar, numéro trois ; Demandeur ;
425 2973 1962 3077 Comparant ; D'une part ; Et Monsieur Lesceux Maître
430 3049 1999 3148 tailleur d'habits, demeurant et domicilié à Paris, rue de
425 3122 1988 3260 Belleville, numéro cent dix ; Défendeur ; Défaillant ;
