1566 3124
276 96 1524 322 en outre aux dépens taxés et liquidés envers le demandeur à la somme
263 171 1503 377 de un franc et à celle due au Trésor Public, pour le papier
239 229 1508 452 timbré de la présente minute, conformément à la loi du sept
265 291 1490 507 août mil huit cent cinquante, ence, non compris le coût
252 369 1487 577 du présent jugement, la signification d'icelui et ses suites.
270 439 1328 635 Ainsi jugé les jour mois et an que dessus.
