2180 3328
560 166 2041 263 une somme de huit francs par quinzaine, puis quand elle se
563 252 2052 330 sentit capable de gagner plus forte somme se retira pour
554 318 2008 396 se placer ailleurs comme ouvrière. De son coté Gerboz
560 388 2066 482 se présenta et exposa au conseil qu'il a en effet placer sa
585 460 2049 540 fille cécile chez la dame Cartier sa voisine ; mais que
576 532 2057 621 comme cette dame travaillait chez elle à façon et qu'elle
568 601 2038 687 pouvait d'un jour à l'autre manquer de travail aucun
576 671 2033 765 temps ne fut fixé pour cet apprentissage, précaution fort
574 748 1980 834 sage puisque la dame Cartier qui ne pouvait depuis
582 807 2080 909 quelque temps déjà trouver à s'occuper chez elle le travaille
568 879 2021 978 n'allant pas prit le parti de retourner à son atelier en
599 948 1977 1034 atelier, chez Monsieur Lhernault ; Qu'à ce moment
582 1017 2080 1106 il pensait à chercher une nouvelle condition pour sa fille lors
574 1089 2077 1181 que la dame Cartier lui offrit de tenter de la faire accepter
587 1167 2049 1245 dans sa nouvelle maison comme petite ouvrière, ce à quoi
593 1234 2035 1314 il consentit et voilà comme sa fille est entrée chez le
604 1306 2035 1386 demandeur sans qu'il s'en occupat et sans qu'il l'écrit.
587 1370 2038 1456 Tant que sa fille trouva bonne la rémunération qui lui
587 1444 2102 1533 était faite elle yresta. Du jour ou il lui fut proposé un
593 1514 2096 1600 prix plus rémunérateur elle en fit par à Lhernault lui
604 1594 2063 1672 offrant la préfèrence au même prix ; celui ci n'ayant pas
568 1661 2030 1736 jugé devoir accepter elle n'y retourna pas. Les parties
579 1733 2107 1799 n'ayant pu être conciliées la cause fut renvoyée devant le Bureau
540 1797 2057 1877 Général du conseil séant le Jeudi trente un Janvier mil huit
604 1866 2107 1944 cent soixante dix huit. Cité pour le dit jour trente un Janvier
585 1944 2102 2013 par lettre du secrétaire du conseil en date du vingt cinq Janvier
599 2010 2044 2082 mil huit cent soixante dix huit à la requête de Lhernault
568 2082 2102 2165 Gardoz comparant. A l'appel de la cause Lhernault se
599 2157 2082 2232 présenta et conclut à ce qu'il plut au Bureau Général
596 2224 2071 2307 du conseil attendu que la jeune cécile Gerboz est entrée
607 2304 2107 2379 chez lui le premier Juin mil huit cent soixante dix sept pour y
612 2373 2132 2457 finir pendant seize francs le temps d'apprentissage qu'elle
626 2446 2091 2520 avait consenti à une dame Cartier qui entrait le même
610 2520 2143 2595 jour chez lui comme ouvrière ; Que si Gerboz n'a pas été
618 2584 2118 2679 appelé à traîter de ce transfert il n'y a pu l'ignorer puisque
635 2656 2085 2740 la dame est venue à l'atelier y voir sa fille, Que de plus
635 2723 2127 2803 la jeune fille étant porteur d'un petit livre en tête duquel
629 2792 2085 2875 il était dit qu'elle était apprentie et que la rémunération
646 2864 2132 2953 qu'elle touchait par quinzaine étant non pas une salaire
635 2939 2121 3017 mais biens une gratification servie comme encouragement
624 3003 2118 3086 il était fixé à ce sujet ; Attendu que Gerboz lui a repris
621 3081 2099 3189 sa fille alors que neuf mois restent à faire et que ce retrait
