2302 3376
666 84 2180 264 de l'opposition, conformément à la loi du sept août mil huit
669 205 2180 337 cent cinquante, ence, non compris le coût du présent jugement,
689 270 2169 419 la signification d'icelui et ses suites. Ainsi jugé les jour
664 362 1336 469 mois et an que dessus.
672 528 1241 655 Lecucq secrétaire
1089 1060 2121 1156 Dudit jour trente un Janvier —
681 1128 2178 1240 Entre Monsieur Lhernault, fabricant de fleurs artificielles,
672 1223 2169 1311 demeurant et domicilié à Paris, rue du faubourg Saint
638 1296 2178 1389 Denis, numéro trente quatre ; Demandeur ; Comparant ;
655 1378 2172 1462 D'une part ; Et Monsieur Gerboz, demeurant à Paris,
681 1451 2180 1530 cité d'Enfer, numéro sept, agissant au nom et comme
638 1522 2186 1600 Administrateur de la personne et des biens de sa fille mineure
669 1595 2183 1688 Cécile, apprentie ; Défendeur ; Comparant ; D'autre part ;
621 1676 2180 1749 Point de fait = Par lettre du secrétaire du conseil de Prud'hommes
655 1744 2183 1837 du Département de la Seine pour l'industrie des tissus en date
655 1820 2180 1907 du Mercredi vingt trois Janvier mil huit cent soixante dix huit,
619 1882 2183 1991 Lhernault fit citer Gerboz à comparaître par devant le dit Conseil
644 1966 2180 2056 de Prud'hommes séant en Bureau Particulier le Vendredi vingt
664 2036 2175 2126 cinq Janvier mil huit cent soixante dix huit pour se concilier si
664 2093 2183 2208 faire se pouvait sur la demande qu'il entendait former contre lui
675 2171 2180 2273 devant le dit Conseil en exécution de conventions verbales d'apprentiss
652 2245 2175 2360 au paiement de la somme de deux cents francs à titre de dommages
636 2329 2175 2427 intérêts. A l'appel de la cause Lhernault se présenta et exposa au
627 2388 2175 2509 Conseil qu'au premier Juin mil huit cent soixante dix sept il reçu
636 2467 2169 2582 chez lui comme ouvrière une dame Cartier qui jusque là travailli
647 2540 2172 2652 chez elle à façon et faisait des apprenties ; Que cette ouvrière engagea
655 2607 2180 2720 une qui n'avait pas fait son temps et dont elle désirait ne pas
658 2672 2180 2785 se séparer lui demanda à être autorisée à l'amener avec elle,
652 2737 2180 2861 ce à quoi il consentit. Il fut dès lors convenu que cette jeune
627 2802 2189 2923 fille qui n'était autre que la demoiselle cécile Gerboz, finissait
638 2863 2175 3021 chez lui le temps qu'elle devait donner à son apprentissage
624 2942 2175 3080 suivant les conventions établies avec la dame Cartier, soit
644 3010 2186 3148 deux années et six mois - Or, comme elle avait fait déjà
638 3072 2175 3226 quatorze mois seize mois restaient à faire. Cette jeune
638 3145 2169 3297 personne resta sept mois chez lui, toucha comme encouragement
