2171 3376
985 129 1669 233 Du dit jour dix sept Janvier
577 205 1962 312 Entre Mademoiselle Philippe, ouvrière fleuriste,
557 284 2004 385 demeurant à Paris, Boulevart de Strasbourg, numéro seize ;
560 351 1999 461 Demanderesse ; Comparant ; D'une part ; Et Monsieur
563 422 1937 531 Mademoiselle Tuna, fabricante de fleurs artificielles,
577 506 1999 604 demeurant et domiciliée à Paris, Boulevart de Strasbourg,
563 576 2010 689 numéro premier ; Défenderesse; Comparant ; D'autre part ;
554 652 1993 745 Point de fait = Par lettres du secrétaire du conseil de
546 728 1985 810 Prud'hommes du Département de la seine pour l'industrie
554 801 1976 886 des Tissus en dates des Mardi huit et vendredi onze Janvier
546 869 1954 962 mil huit cent soixante dix huit la demoiselle Philippe fit
574 948 1926 1032 citer la demoiselle Tuna à comparaître par devant le dit
568 1018 1956 1100 Conseil de Prud'hommes séant en Bureaux Particuliers les
537 1094 1982 1173 Vendredi onze et Lundi quatorze Janvier mil huit cent soixante
568 1161 1976 1246 dix huit pour se concilier si faire se pouvait sur la demande
582 1235 1976 1313 qu'elle entendait former contre elle devant le dit conseil en
568 1308 1945 1386 délai congé comme d'usage au paiement de la somme de
568 1370 1982 1460 deux cents francs pour lui en tenir lieu. La demoiselle Tuna
560 1448 1965 1536 n'ayant pas comparu la cause fut renvoyée devant le Bureau
554 1513 1937 1612 Général du conseil séant le Jeudi dix sept Janvier mil huit
565 1589 1973 1679 cent soixante dix huit. Cité pour le dit jour dix sept Janvier
554 1657 1979 1747 par lettre du secrétaire du conseil en date du quatorze Janvier
557 1721 1971 1828 mil huit cent soixante dix huit à la requête de la demoiselle
557 1789 2016 1910 Philippe la demoiselle Tuna comparut. A l'appel de la
571 1859 1951 1974 cause la demoiselle Philippe se présenta et conclut à ce
551 1935 1954 2050 qu'il plut au Bureau Général du conseil condamner la
554 2005 1934 2124 demoiselle Tuna à lui payer avec intérêts suivant la loi la
554 2084 1976 2208 somme de deux cents francs à titre de réparation du dommage
492 2143 1971 2284 qu'elle lui a causé en la congédiant instantanément contrairement
535 2219 1976 2349 à l'usage et l'équité et la condamner aux dépens. De son côté
551 2292 2018 2427 la demoiselle Tuna se présenta et conclut à ce qu'il plut au
523 2360 1959 2498 Bureau Général du conseil attendu qu'elle consent à payer
523 2430 1976 2577 à la demoiselle Philippe la somme de deux cents francs pour lui
526 2498 1985 2641 tenir lieu de délai Congé ; Mais attendu qu'il existe entre elle
529 2574 1948 2723 et la dite demoiselle Philippe un compte à faire, dire que
543 2638 1948 2793 cette somme servira à éteindre celle que la demoiselle Philippe
537 2714 1940 2875 pourrait lui rester devoir après compte fait et condamner
557 2773 1940 2937 la demanderesse aux dépens. Point de droit = Doit-on
537 2841 1976 2996 condamner la demoiselle Tuna à payer à la demoiselle
515 2906 1962 3072 Philippe la somme de deux cents francs pour lui tenir lieu
543 2970 1985 3150 de délai congé d'usage ? Ou bien doit-on sur l'offre
535 3052 1976 3257 que fait la demoiselle Tuna de payer cette somme pour
