2138 3328
563 149 2004 269 l'en débouter comme mal fondé en icelle et le condamner
80 221 516 299 constate que cette somme
560 238 2054 346 aux dépens. Point de droit = Doit-on condamner Garnier
83 288 502 374 lui est payée à la
566 307 2071 416 à payer à Alliou la somme de mille quatre vingt dix francs
94 352 474 418 Barre du Conseil
563 379 2054 482 pour complément de salaire de mil huit cent soixante dix
88 421 524 504 renvoi, deux Lignes
563 452 2015 557 sept et pour salaire en mil huit cent soixante dix huit ?
88 504 516 587 et quinze mots rayés
546 521 2057 637 Ou bien doit, sur l'offre que fait Garnier de payer quatre vingt
74 576 460 701 nuls approuvés /
546 596 2060 701 dix francs pour salaire en Janvier présent mois, dire Alliou non
552 673 2049 770 recevable en sa demande, l'en débouter ? Que doit-il être statué
555 740 2001 840 à l'égard des dépens ? Après avoir entendu les parties en leurs
552 801 2060 912 demandes et conclusions respectivement et en avoir délibéré conformément
127 904 149 956 Lecucq
558 876 2057 987 à la loi ; Attendu qu'il est constant qu'une gratification de mille
555 945 2010 1051 francs payable fin d'année a été faite promise par Garnier
552 1017 2010 1120 qui s'engageait à continuer à Alliou les avantages qdont
546 1087 2040 1181 celui ci avait joui dans la maison Fortier, mais à la condition
544 1162 2035 1264 que le dit Alliou servirait les intérêts de Garnier comme
544 1239 2032 1328 il avait longuement servi ceux de son ancien patron ; or,
549 1297 2060 1397 du long exposé fait par Alliou lui même ressort qu'il a été
535 1367 2068 1472 fort peu fait par Alliou pour remplir l'engagement qu'il a été
541 1433 2051 1544 prenait, puisque de sa propre déclaration ressort que le vingt
544 1511 2038 1611 huit fevrier, Alliou qui était chez Garnier depuis le premier
541 1580 1982 1680 Janvier, s'en retirait pour y rentrer le premier Mars ;
555 1650 2051 1749 Qu'en Juin suivant, une nouvelle menace enfaite par lui
491 1719 2007 1816 de quitter son travail, menace renouvelée en Juillet ;
524 1788 2021 1888 qu'en Octobre une scène tumultueuse se produit querelle
535 1855 2071 1963 s'élève entre l'ancien personnel Fortier et l'ancien personnel
535 1930 2076 2032 Garnier à laquelle Alliou n'est pas étranger ; là encore
549 1996 2051 2104 il menace de se retirer ; Qu'enfin il est constance que la
535 2068 2054 2171 présence d'Alliou chez Garnier n'a été marquée que par
541 2149 2040 2238 une menace continuelle d'en sortir et en mauvais vouloir
538 2207 2071 2324 Constaté par le refus d'exécuter certains travaux quoiqu'il en
544 2290 2057 2390 ait reçu l'ordre, et par l'état dans lequel ont été tenues et
530 2354 2085 2462 se trouvent les écritures toutes spéciales qu'il devait tenir au
552 2440 2085 2545 courant chaque jour ; Attendu que Garnier offre de payer
546 2501 2035 2604 à la barre du Conseil les quatre vingt dix francs qui lui
538 2576 2029 2676 sont demandés pour salaire ne neuf journées en mil huit cent
530 2645 2051 2737 soixante dix huit et que le conseil est d'avis qu'en l'état de
535 2712 2068 2809 choses cette offre est suffisante ; Par ces motifs = Le Bureau
535 2770 2113 2887 Général jugeant en premier ressort ; Dit qu'il sera payé à Alliou
519 2848 2054 2959 la somme de quatre vingt dix francs pour prix de neuf journées
530 2923 2032 3022 en Janvier mil huit cent soixante dix huit ; Le déboute de
546 2997 2040 3092 sa demande en mille francs appliquable en la gratification
544 3061 2068 3178 de l'année mil huit cent soixante dix sept et le condamne
