2311 3392
1029 76 1906 175 — Du dit jour dix sept Janvier —
695 124 2240 293 Entre Madame Labache, ouvrière Giletière, demeurant
684 220 2211 361 à Paris, rue Saint Denis, numéro Cent cinquante sept ;
661 285 2223 435 Demanderesse ; Comparant ; D'une part ; Et Monsieur
656 361 2228 511 Ponein, Maître tailleur d'habits, demeurant et domicilié
673 438 2228 587 à Paris, rue Elzévir, numéro neuf ; Défendeur ; Défaillant ;
664 520 2228 672 D'une part ; Point de fait = Par lettres du secrétaire du consei
687 596 2231 726 de Prud'hommes du Département de la seine pour l'industrie
664 664 2211 799 des Tissus en dates des Lundi sept et Mardi huit Janvier mil
661 726 2217 876 huit cent soixante dix huit la dame Labache fit citer Ponein
676 805 2231 949 à Comparaître par devant le dit Conseil de Prud'hommes séant
653 884 2231 1011 en Bureaux Particuliers les Lundi sept et Mardi huit Janvier
636 949 2223 1096 mil huit cent soixante dix huit pour se concilier si faire se pouvait
653 1026 2231 1158 sur la demande qu'elle entendait former contre lui devant le
661 1096 2226 1238 dit Conseil en paiement de la somme de huit francs qu'il lui doit
653 1170 2223 1328 pour solde du prix de travaux. Ponein n'ayant pas comparu
653 1246 2228 1382 la cause fut renvoyée devant le Bureau Général du conseil
673 1320 2231 1455 séant le Jeudi dix sept Janvier mil huit cent soixante dix huit
681 1382 2234 1532 Cité pour le dit jour dix huit Janvier par lettre du secrétaire du
656 1464 2220 1599 Conseil en date du onze Janvier mil huit cent soixante dix
630 1520 2240 1681 huit à la requête de la dame Labache Ponein ne comparut pas
622 1597 2231 1746 A l'appel de la cause la dame Labache se présenta et conclut
650 1679 2228 1834 à ce qu'il plut au Bureau Général du Conseil donner défaut
633 1741 2228 1896 contre Ponein non comparant ni personne pour lui quoique
633 1817 2240 1973 dument appelé et pour le profit le condamner à lui payer avec
639 1888 2237 2049 intérêts suivant la loi la somme de huit francs qu'il lui doit
633 1958 2231 2111 pour travaux, plus, telle indemnité qu'il plaira au Conseil
633 2029 2234 2187 fixer pour perte de temps devant les Bureaux du Conseil et
627 2100 2231 2264 mes dépens. Point de droit = Doit-on donner défaut contre
610 2179 2211 2337 Ponein non comparant ni personne pour lui quoique dument
627 2255 2237 2413 appelé et pour le profit adjuger à la demanderesse les conclusio
627 2317 2226 2495 par elle précèdemment prises ? Que doit-il être statué à l'égard
627 2397 2231 2558 des dépens ? Après avoir entendu la dame Labachen en ses
619 2470 2214 2634 demandes et conclusions et en avoir délibéré conformément
616 2532 2220 2705 à la loi ; Attendu que la demande de la dame Labache parait
625 2609 2214 2781 juste et fondée ; Que d'ailleurs elle n'est pas contestée par Ponein
608 2682 2166 2863 non comparant ni personne pour lui quoique dument appelé ;
591 2747 2214 2919 Attendu qu'en ne comparant pas devant les Bureaux du
599 2812 2223 2999 Conseil Ponein a causé à la dame Labache un préjudice
610 2877 2214 3064 de perte de temps, ce qu'il doit réparer ; Par ces motifs =
560 2962 2203 3146 Le Bureau Général jugeant en dernier ressort ; vu l'article
577 3030 2231 3239 Quarante un du décret du onze Juin mil huit cent neuf portant
