2256 3376
628 84 2199 253 la loi la somme de trois cents francs à titre de dommages-intérêts
625 182 2185 320 et la condamner aux dépens. De son coté la veuve Chapelle
616 267 2160 379 se présenta et conclut à ce qu'il plut au Bureau Général du
633 334 2171 452 Conseil attendu que la dame Frémion n'est pas ouvrière
625 416 2185 534 plumassière mais bien sa fille, jeune personne de dix huit
628 506 2146 596 ans qui, manquant souvent de travail, envoya sa fille
599 573 2185 689 pour un ou plusieurs jours assez régulièrement ; Qu'enfin en
599 652 2157 745 novembre dernier, le premier de ce mois, sa fille lui a été
611 723 2185 827 renvoyée et laissée pendant deux mois ; Qu'exerçant le
616 793 2185 886 commerce de marchande ambulante elle est toujours hors de
599 866 2179 973 chez elle et ne pouvait conserver son enfant qu'elle a dû placer ;
602 945 2185 1038 Qu'enfin elle ne peut faire reprendre cet apprentissage dont
613 1015 2168 1111 la rupture n'est pas son fruit ; Par ces motifs _ Dire les
611 1100 2154 1173 époux Frémion non recevable en leurs demandes, les en
619 1173 2191 1254 débouter comme mal fondés en icelles ; Et recevoir reconventionnelle
613 1246 2148 1333 demanderesse, dire l'apprentissage de sa fille purement et
625 1322 2185 1395 simplement résolu et condamner les époux Fremion aux dépens.
597 1389 2174 1465 Point de droit = Doit-on dire que la dame Chapelle sera tenue
602 1454 2165 1541 de faire rentrer sa fille chez les époux Frémion pour y finir
583 1533 2179 1614 son apprentissage sinon que cet apprentissage sera résolu ;
594 1606 2165 1690 En ce cas condamner la veuve Chapelle à payer aux dits époux
591 1679 2185 1758 Frémion la somme de trois cents francs à titre de dommages-
605 1752 2188 1837 intérêts ? Ou bien doit-on dire les époux Frémion non recevable
611 1823 2163 1907 en leurs demandes, les en débouter , recevoir la veuve Chapelle
594 1896 2182 1986 reconventionnellement demanderesse, dire l'apprentissage de la
574 1963 2188 2067 mineure Marie Chapelle résolu de fait des époux Fremion ;
585 2031 2185 2143 Que doit-il être statué à l'égard des dépens ? Après avoir entendu
602 2118 2179 2202 les parties en leurs demandes et conclusions respectivement et en
580 2183 2188 2290 avoir délibéré conformément à la loi ; Attendu que des explications
577 2256 2179 2366 formées par les parties ressort deux faits = Le premier que la
597 2343 2165 2436 dame Fremion n'est pas plumassière et que sa fille qui est
577 2411 2194 2526 la véritable maîtresse d'apprentissage est frappée d'incapacité
585 2495 2185 2602 de par la loi sur l'apprentissage puisqu'elle n'a pas vingt un
583 2565 2171 2669 ans, le deuxième que l'apprentissage qui doit se faire sans
571 2633 2163 2737 interruption a continuellement été interrompu faute de
574 2712 2148 2813 travail, la dernière fois pendant deux mois du premier
585 2785 2157 2875 novembre au trente un Décembre mil huit cent soixante
594 2844 2174 2965 dix sept ; Que dans ces conditions il ne saurait être repris ;
580 2923 2179 3018 Par ces motifs = Le Bureau Général jugeant en premier
577 2990 2132 3100 ressort ; Dit les époux Frémion non recevables en leurs
585 3058 2179 3179 demandes, les en déboute ; Reçois la veuve Chapelle en sa
585 3136 2185 3266 demande reconventionnelle ; Dit que l'apprentissage de
