2218 3344
580 144 2100 317 la signification d'icelui et ses suites. Ainsi jugé les jour mois
585 234 1076 314 et an que dessus.
848 847 1643 944 Dudit jour dix Janvier
571 897 1911 1033 Entre Mademoiselle Cécile Catherine Lallemand,
557 983 2003 1100 fille majeure, ouvrière brodeuse, demeurant à Paris, rue
541 1050 2017 1181 Polonceau, numéro trente deux, agissant tant en son nom,
549 1131 2039 1259 personnel que comme se portant fort pour la mineure Eugénie
566 1203 2000 1309 Lallemand, sa sœur, ouvrière brodeuse, demeurant avec
555 1276 2047 1396 elle ; Demanderesse ; Comparant ; D'une part ; et Monsieur
535 1345 2019 1460 Blondet, entrepreneur de travaux de broderie demeurant et
557 1423 2014 1529 domicilié à Paris, rue de Rome, numéro cent quarante
566 1496 1964 1596 un ; Défendeur ; Comparant ; D'autre part ; Pont
569 1568 1997 1658 de fait = Par lettre du secrétaire du conseil de Prud'hommes
571 1644 2025 1736 du Département de la seine pour l'industrie des tissus en
560 1724 2025 1802 date du Mardi dix huit Décembre mil huit cent soixante
557 1794 2028 1878 dix huit la demoiselle Lallemand fit citer Blondet à comparaître
552 1872 2028 1947 par devant le dit conseil de Prud'hommes séant en Bureau
552 1942 1980 2006 Particulier le Vendredi vingt un Décembre mil huit cent
552 2011 1994 2092 soixante dix sept pour se concilier si faire se pouvait sur
563 2078 1983 2159 la demande qu'elle entendait former contre lui devant le dit
541 2142 1975 2243 Conseil en paiement de la somme de cinquante un francs se
538 2215 1972 2304 composant de vingt cinq francs pour prix de travaux exécutés
538 2279 1983 2382 pour elle même et de celle de vingt six francs pour travaux de sa
546 2351 1989 2466 soeur Eugénie. A l'appel de la cause la demoiselle Lallemand
544 2424 1958 2538 se présenta et exposa comme ci dessus. De son coté Blondet
552 2494 1975 2602 se présenta et reconnut devoir la somme reclamée demandant
541 2555 1972 2683 termes et délais pour la payer. Sur la proposition du
532 2622 1983 2750 Bureau Particulier Blondet prit l'engagement de payer cinquante
527 2691 1936 2817 un francs par vingt francs le vingt deux Décembre mil huit
544 2756 1950 2884 cent soixante dix sept et le solde le deux Janvier mil huit cent
527 2814 1964 2953 soixante dix huit. Blondet paya vingt francs le vingt deux
546 2886 1936 3034 Décembre mil huit cent soixante dix sept, mais ne paya pas le
546 2953 1983 3095 deux Janvier. La cause en cet état fut renvoyée devant le Bureau
521 3015 1975 3174 Général du conseil séant le Jeudi dix Janvier mil huit cent soixante
557 3090 1941 3268 dix huit. Cité pour le dit jour dix Janvier par lettre du
