2317 3360
773 56 2241 221 de la Seine pour l'industrie des Tissus en dates des Jeudi dix
742 151 2235 296 sept et Vendredi dix huit Janvier mil huit cent soixante dix huit
756 218 2241 361 les époux Doutremont firent citer Boeck à comparaître
756 291 2241 431 par devant le dit conseil de Prud'hommes séant en Bureaux
753 372 2246 512 Particuliers les Vendredi dix huit et Lundi Vingt un Janvier
759 442 2246 585 mil huit cent soixante dix huit pour se concilier si faire se
753 526 2249 658 pouvait sur la demande qu'il entendaient former contre lui
745 610 2246 728 devant le dit Conseil en paiement de la somme de six francs
742 674 2255 800 qu'il leur doit pour prix de travaux de la dame Doutremont
745 750 2252 882 Roeck n'ayant pas comparut la cause fut renvoyée devant le
739 834 2258 954 Bureaux Général du conseil séant le Jeudi Vingt quatre
745 907 2249 1010 Janvier mil huit cent soixante dix huit. Cité pour le dit
762 991 2255 1086 jour vingt quatre Janvier par lettre du secrétaire du conseil
739 1066 2255 1145 en date du vingt un Janvier mil huit cent soixante dix huit
745 1125 2252 1229 à la requête des époux Doutremont Roeck ne comparut
739 1198 2269 1302 pas. A l'appel de la cause les époux Doutremont se présentèrent
725 1288 2258 1360 et conclurent à ce qu'il plut au Bureau Général du conseil donner
731 1358 2241 1456 défaut contre Roeck non comparant ni personne pour lui
731 1439 2260 1517 quoique dument appelé et pour le profit le condamner à leur
734 1512 2266 1593 payer avec intérêts suivant la loi la somme de six francs qu'il
720 1582 2258 1663 leur doit pour prix de travaux de la dame Doutremont, plus,
728 1657 2255 1741 telle indemnité qu'il plaira au conseil fixer pour perte de
736 1738 2238 1814 temps devant les Bureaux du conseil et les dépens. Point
745 1797 2255 1892 de droit = Doit-on donner défaut contre Rock non
720 1881 2269 1971 comparant ni personne pour lui quoique dument appelé et
734 1962 2258 2044 pour le profit adjuger aux demandeurs les conclusions
725 2013 2263 2128 par eux précèdemment prises ? Que doit-il être statué à
708 2088 2263 2192 l'égard des dépens ? Après avoir entendu les époux Doutremont
717 2164 2266 2259 en leurs demandes et conclusions et en avoir délibéré conformément
706 2245 2244 2354 à la loi ; Attendu que la demande des époux Doutremont
683 2318 2272 2427 parait juste et fondée ; Que d'ailleurs elle n'est pas contestée
683 2410 2252 2506 par Roeck non comparant ni personne pour lui quoique
697 2475 2263 2592 dument appelé ; Attendu qu'en ne comparaissant pas devant
666 2539 2269 2648 les Bureaux du conseil Roeck a causé aux époux Doutremont
675 2620 2260 2730 un préjudice de perte de temps, ce qu'il doit réparer ; Par ces
675 2688 2260 2802 motifs = Le Bureaux Général jugeant en dernier ressort ; vu
666 2752 2272 2881 l'article quarante un du décret du onze Juin mil huit cent neuf
692 2842 2230 2948 portant règlement pour les conseils de Prud'hommes ;
694 2895 2263 3035 Donne défaut contre Roeck non comparant ni personne
675 2968 2272 3105 pour lui quoique dument appelé ; Et adjugeant le profit du
661 3046 2263 3189 dit défaut ; Condamne Roeck à payer avec intérêts
649 3116 2269 3278 suivant la loi aux époux Doutremont la somme de
