2262 3344
582 169 2111 287 règlement pour les Conseil de Prud'hommes ; Donne défaut
574 273 2122 353 contre Ponein non comparant ni personne pour lui quoique
599 342 2077 437 dument appelé ; Et adjugeant le profit dudit défaut ;
521 426 2075 496 Condamne Ponein à payer avec intérêts suivant la loi à
574 490 2114 576 la dame Labache la somme de huit francs qu'il lui doit
580 568 2097 657 pour prix de travaux, plus une indemnité de quatre francs
602 643 2089 735 pour temps perdu ; Le condamne en outre aux dépens taxés
591 718 2072 794 et liquidés envers la demanderesse à la somme de un franc,
582 788 2075 875 et à celle dûe au Trésor Public, pour le papier timbré de
594 863 2002 944 la présente minute, conformément à la loi du sept août
574 941 2047 1019 mil huit cent cinquante, ence, non compris le coût du présent
574 1011 2072 1081 jugement, la signification d'icelui et ses suites. Et vu les
582 1075 2072 1153 articles 437 du code de procèdure civile, 27 et 42 du décret
591 1153 2058 1234 du onze Juin 1809, pour signifier au défendeur le présent
591 1226 2058 1309 jugement, commet Minaud, l'un de ses huissiers audienciers.
582 1298 1709 1426 Ainsi jugé les jour mois et an que dessus.
616 1435 1210 1507 Lecucq secrétaire
987 1853 1609 1933 Dudit jour dix sept Janvier —
568 1903 2016 2014 Entre Monsieur Albers, ouvrier, demeurant à Paris, rue
566 1989 2030 2087 des Récollets, numéro onze ; Demandeur ; comparant ;
563 2048 2030 2165 D'une part ; Et Monsieur Comtat, fabricant de Stores,
555 2126 2002 2220 demeurant et domicilié à Paris, rue Béranger, numéro
552 2184 2005 2304 douze ; Défendeur ; Défaillant ; D'autre part ; Point de
577 2265 2038 2363 fait = Par lettres du secrétaire du conseil de Prud'hommes du
560 2326 2010 2446 Département de la Seine pour l'industrie des tissus en dates
577 2402 1991 2513 des Mercredi neuf et vendredi onze janvier mil huit cent
566 2468 2005 2586 soixante dix huit Albers fit citer Comtat à comparaître
555 2541 1971 2664 par devant le dit conseil de Prud'hommes séant en Bureaux
541 2611 2008 2730 Particuliers les Vendredi onze et Lundi quatorze Janvier mil
555 2677 1997 2786 huit cent soixante dix huit pour se concilier si faire se pouvait
571 2725 1980 2856 sur la demande qu'il entendait former contre lui devant le dit
557 2803 1988 2923 conseil en paiement de la somme de quatre vingt onze francs
568 2867 1997 2998 qu'il lui doit pour travaux. Comtat n'ayant pas comparu
552 2939 1994 3051 la cause fut renvoyée devant le Bureau Général du conseil
552 2992 1974 3126 séant le Jeudi dix huit Janvier mil huit cent soixante dix
549 3062 1960 3204 huit. Cité pour le dit jour dix huit Janvier par lettre du
