2165 3216
582 58 2097 235 époux Cugnier les époux Noël ne comparurent pas ni personne
598 139 2065 302 pour eux régulièrement quoique dument appelés ; A l'appel de
592 198 2073 364 la cause les époux Cugnier se présentèrent et conclurent à ce
134 203 525 310 dix mots rayés
606 276 2073 434 qu'il plut au Bureau Général du conseil donner défaut contre
150 300 295 396 nuls
595 340 2068 509 les époux Noël non comparant ni personne pour eux régulièrement
600 423 2081 578 quoique dument appelés et pour le profit les condamner à leur
622 482 2049 645 payer avec intérêts suivant la loi la somme de trois francs
134 525 544 635 Lecucq se
608 554 2068 715 cinquante centimes qu'ils leur doivent pour prix d'une journée
651 627 2060 779 de travail de la dame Cugnier, plus, telle indemnité qu'il
603 694 2081 849 plaira au conseil fixer pour perte de temps devant les Bureaux
619 771 2044 908 du conseil et les condamner aux dépens. Point de droit =
587 828 2087 980 Doit-on donner défaut contre les époux Noël non comparants
608 913 2041 1047 ni personne pour eux régulièrement quoique dument appelés
614 980 2033 1106 et pour le profit adjuger aux demandeurs les conclusions
603 1055 2036 1184 par eux précèdemment prises ? Que doit-il être statué à
600 1114 2044 1251 l'égard des dépens ? Après avoir entendu les époux
627 1203 2009 1310 Cugnier en leurs demandes et conclusions et en avoir
611 1256 2046 1374 délibéré conformément à la loi ; Attendu que la demande
608 1337 2025 1447 des époux Cugnier parait juste et fondée ; Que d'ailleurs
619 1407 2116 1514 elle n'est pas contestée par les époux Noël non comparants
622 1487 2065 1586 ni personne pour eux régulièrement quoique dument appelés ;
595 1541 2111 1658 Attendu qu'en ne comparaissant pas devant les Bureaux du
606 1621 2041 1725 Conseil les époux Noël ont causé aux époux Cugnier
617 1696 2095 1787 un préjudice de perte de temps, ce qu'ils doivent réparer
608 1766 2071 1857 Par ces motifs = Le Bureau Général jugeant en dernier
619 1846 2095 1934 ressort ; vu l'article quarante un du décret du onze Juin mil
587 1918 2073 2001 huit cent neuf, portant règlement pour les conseils de
603 1988 2103 2063 Prud'hommes, Donne défaut contre les époux Noël non
630 2063 2105 2138 comparants ni personne pour eux régulièrement quoique
630 2135 2028 2213 dument appelés ; Et adjugeant le profit du dit
630 2205 2057 2288 défaut ; Condamne les époux Noël solidairement
635 2278 2092 2369 à payer avec intérêts suivant la loi aux époux Coulier
603 2345 2049 2449 Cugnier la somme de trois francs cinquante Centimes
598 2420 2076 2527 qu'ils leur doivent pour prix d'une journée de travail
646 2489 2060 2594 de la dame Cugnier, plus une indemnité de deux
633 2562 2095 2666 francs pour temps perdu. Les condamne en outre aux
587 2618 2076 2733 dépens taxés et liquidés envers les demandeurs à la
633 2693 2065 2811 somme de un franc, et à celle due au Trésor Public,
600 2771 2071 2883 pour le papier timbré de la présente minute, conformément
630 2840 2089 2958 à la loi du sept août mil huit cent cinquante, ence, non
630 2905 2114 3044 Compris le coût du présent jugement, la signification d'icelui
635 2977 2087 3135 et ses suites. Et vu les articles 435 du code de procédure
