2196 3296
560 107 2099 214 Le coût du présent jugement, la signification d'icelui et ses
563 200 2102 285 suites. Et vu les articles 437 du code de procédure civile,
568 277 2088 362 27 et 42 du décret du onze Juin mil huit cent neuf, pour
577 348 2061 433 signifier au défenseur le présent jugement, La signification
563 422 2094 505 d'icelui et ses suit Commet Minaud, l'un de ses huissiers
560 510 2097 620 audienciers. Ainsi jugé les jour mois et an que dessus.
637 659 1132 733 Lecucq secrétaire
808 1095 1959 1172 — Dudit jour Vingt quatre Janvier —
566 1159 2028 1244 Entre Monsieur et Madame Longchamps, le sieur
557 1241 2099 1312 Longchamps tant en son nom personnel que pour assister
566 1310 2116 1387 et autoriser la dame son épouse ouvrière, demeurant ensemble,
549 1373 2102 1458 les dits époux, à Paris, rue de la Roquette, numéro cinquante
555 1442 2105 1540 neuf; Demandeurs ; Comparant ; D'une part ; Et Monsieur
530 1529 2094 1598 Navez, fabricant de chaussures, demeurant et domicilié à
541 1593 2108 1667 Paris, rue de la Braque, numéro deux ; Défendeur ; Défaillant ;
527 1661 2105 1741 D'autre part ; Point de fait = Par lettres du secrétaire du
541 1727 2072 1818 Conseil de Prud'hommes du Département de la Seine pour
546 1804 2113 1889 l'industrie des Tissus en dates des Lundi quatorze et mardi
538 1878 2113 1961 quinze Janvier mil huit cent soixante dix huit, les époux Longchamps
549 1950 2099 2032 firent citer Navez à comparaître par devant le dit Conseil de
549 2018 2102 2103 Prud'hommes séant en Bureaux Particuliers les Mardi quinze
549 2092 2108 2167 et Vendredi dix huit Janvier mil huit cent soixante dix huit pour
563 2164 2088 2241 se concilier si faire se pouvait sur la demande qu'ils entendaient
546 2230 2108 2318 former contre lui devant le dit Conseil en paiement de la somme de
541 2309 2088 2400 douze francs et cinquante centimes qu'il leur doit pour prix de
535 2375 2099 2466 travaux de la dame Longchamps. Navez n'ayant pas comparu
552 2450 2080 2535 la cause fut renvoyée devant le Bureau Général du conseil
557 2515 2099 2606 séant le Jeudi vingt quatre Janvier mil huit cent soixante dix huit.
549 2584 2097 2683 Cité pour le dit jour vingt quatre Janvier par lettre du secretaire
541 2647 2097 2752 du Conseil en date du dix neuf Janvier mil huit cent soixante
560 2719 2105 2812 dix huit à la requête des époux Longchamps Navez ne comparu
546 2782 2102 2886 pas. A l'appel de la cause les époux Longchamps se présentè
546 2856 2102 2958 et conclurent à ce qu'il plut au Bureau Général du conseil donner
549 2927 2072 3026 défaut contre Navez non comparant ni personne pour lui
546 2996 2094 3092 quinze dument appelé et pour le profit le condamner à leur
555 3059 2091 3186 payer avec intérêts suivant la loi la somme de douze francs
